3302 4956
553 1460 558 1478 ’
663 1501 892 1594 :11‚21,³4.

381 1673 502 1751 ,Junci
521 1689 667 1736 errores
689 1672 890 1750 implicaret
906 1676 1129 1750 temporum,
1161 1674 1251 1736 aliter
1279 1673 1369 1753 opud

328 1779 410 1843 aleca
430 1777 583 1840 ordenatia
604 1773 860 1858 remiseremus,
882 1780 918 1841 ud
937 1793 994 1838 nec
1016 1777 1072 1857 qui
1092 1779 1233 1842 consules
1244 1821 1366 1840 .......

329 1900 386 1946 uec
407 1881 489 1962 quid·
503 1899 623 1962 quoque
645 1899 732 1944 amno
754 1889 861 1942 uatum
883 1881 939 1958 sit,
962 1883 1274 1970 circumsederetur
1302 1901 1367 1946 cocu

330 2003 437 2051 rerum
450 1984 566 2063 'mod0,
589 1984 646 2049 sed
664 1985 760 2048 auum
781 1989 949 2048 acutorum
972 1984 1107 2068 dicerene
1122 1981 1260 2066 possia.“
1286 1995 1288 2002 ⁴

313 2085 550 2168 Disputandum
572 2083 650 2154 mihi
673 2090 723 2152 est
745 2085 784 2154 de
801 2083 930 2152 verbis:
948 2090 1050 2168 „tanti
1065 2101 1186 2152 errores
1204 2091 1368 2172 masticant

226 2191 436 2276 temporum.“

315 2296 511 2379 Quamquam
533 2294 672 2362 editores
694 2295 754 2366 hoc
774 2295 843 2362 loco
866 2299 898 2362 et
914 2296 1107 2362 vetustiores
1125 2298 1159 2363 et
1176 2297 1365 2366 recentiores

224 2402 258 2468 in
273 2401 394 2470 tradita
408 2401 567 2484 scriptura
580 2401 661 2468 nihil,
675 2401 863 2467 mutandum
881 2418 953 2467 esse
969 2399 1134 2484 putabant,
1153 2404 1270 2481 tamen,
1290 2419 1366 2484 quo-

225 2508 311 2574 niam
342 2525 458 2589 pamm
490 2507 713 2574 convenienter
742 2509 780 2570 nt
813 2504 939 2586 prodita
969 2508 1044 2570 sunt
1073 2503 1170 2572 verba
1200 2505 1242 2572 ad
1272 2524 1365 2572 aures

227 2612 393 2694 accidunt,
415 2629 519 2694 neque
551 2610 613 2677 alio
642 2609 710 2676 loco
742 2608 928 2676 vocabulum
959 2614 1123 2694 implicare
1153 2609 1199 2678 sic
1223 2610 1367 2678 absolute

226 2718 371 2800 positum·
385 2721 443 2795 est,
463 2735 535 2784 cum
554 2718 611 2782 aut
629 2715 766 2784 activum
779 2733 849 2782 cum
863 2713 985 2783 obiecto
1001 2713 1174 2782 habeamus
1188 2720 1230 2784 ut,
1238 2713 1369 2797 XXXX,

227 2827 278 2901 46,
301 2825 339 2888 6:
362 2826 610 2904 „impdmuoem'mt
629 2826 755 2888 aricinos
776 2815 912 2888 needed‘
935 2823 991 2885 aui
1012 2819 1207 2914 constructio
1231 2820 1273 2886 sit
1295 2837 1368 2902 pas·

227 2926 296 2994 siva
317 2928 355 2991 ut
377 2924 509 3006 XXXX,
531 2924 583 3006 56,
603 2927 639 2990 8:
662 2929 776 3010 ‚stravi
790 2926 898 2996 morbo
916 2933 961 2992 cat
977 2926 1167 3008 implicitaa“
1186 2928 1242 2992 aut
1258 2922 1369 3006 XXIII,

227 3032 278 3113 34,
302 3033 362 3096 11:
393 3035 447 3112 „in
472 3035 761 3113 pomeriorum...
788 3031 934 3095 morbum
956 3027 1156 3112 imploderet
1183 3045 1370 3111 persuasum

226 3135 371 3219 equidem
401 3133 520 3212 habeo,
551 3137 693 3202 nostram
723 3134 912 3202 sententiam
942 3132 1091 3200 interciso
1119 3132 1241 3198 obiecto
1263 3133 1369 3216 aliquo

226 3225 407 3322 corruptam
430 3257 507 3306 esse.
553 3239 699 3306 similiter
721 3239 903 3322 Georgesus
925 3239 958 3305 in
983 3238 1081 3306 lexico
1107 3255 1165 3304 suc
1192 3237 1275 3304 1869
1298 3257 1369 3306 sus-

226 3345 368 3428 picatur,
402 3346 444 3413 ad
476 3345 658 3412 evitandam
689 3344 771 3411 hanc
801 3344 963 3411 insolitam
989 3343 1260 3415 constructionem.
1279 3342 1368 3410 verbi

227 3455 391 3534 implicare
421 3469 597 3534 pronomen
629 3474 688 3517 nos
717 3449 871 3518 excidisse
899 3448 1130 3532 legendumque
1163 3465 1233 3515 esse
1266 3447 1374 3530 „tanti

227 3573 350 3622 errores
371 3554 537 3636 implicant
557 3577 616 3622 nos
637 3555 844 3637 temporum.“
889 3558 921 3620 ot
943 3572 979 3620 eo
1000 3553 1105 3620 minus
1128 3552 1248 3618 tradita
1269 3550 1368 3632 scrip-

227 3666 300 3728 ture
312 3657 390 3725 mihi
401 3659 565 3742 probatur,
580 3661 664 3744 quod
677 3659 711 3726 in
724 3664 835 3726 nostra
849 3658 1006 3725 sententia
1020 3657 1130 3728 Livius
1148 3675 1212 3722 non
1229 3655 1368 3722 oratorio

227 3763 319 3847 stilo,
351 3765 406 3832 ubi
434 3751 537 3848 ‘magis
569 3767 603 3832 id
617 3763 792 3852 ¹terendum
815 3767 916 3846 esset,
947 3763 1004 3830 sed
1027 3760 1162 3844 simplici
1184 3760 1369 3828 narratione

227 3870 338 3937 utitur.
1112 3931 1114 3936 ,

312 3975 361 4042 Ne
383 3975 496 4058 longus
519 3974 588 4057 sim,
611 3993 675 4040 non
696 3973 855 4042 assentior
885 3971 1012 4055 quidem
1034 3971 1198 4056 Georgoso
1225 3969 1369 4053 opinans,

226 4078 326 4149 multo
340 4080 533 4148 commodius
550 4077 738 4162 faciliusque
755 4083 878 4145 textum
892 4095 987 4160 posse
1000 4076 1142 4158 restitui3
1162 4076 1220 4145 sed
1233 4074 1369 4141 occurrit

226 4182 314 4266 mihi,
336 4188 409 4267 post
426 4182 607 4267 genetivum
624 4191 799 4267 temporum
818 4180 972 4250 excidisse
994 4180 1207 4252 accusativum
1225 4178 1369 4248 similiter
