3302 4956
690 392 813 490 ,te

221 623 415 688 mormanno
442 617 564 700 tornea·
597 617 633 701 s,
658 615 693 683 12
725 621 843 687 multra
859 621 986 698 'iberam
1023 609 1084 702 lt,
1119 603 1177 684 12:
1202 627 1362 704 postremo

221 737 342 804 tomen·
373 725 434 809 30,
457 729 661 792 semanimo
683 732 805 804 tamena·
834 726 1219 806 coenomanensem
1242 724 1298 803 30,
1323 726 1361 789 δε

215 835 397 915 pionem
431 839 556 923 tumeng
591 828 652 912 51,
688 827 745 896 102
776 833 857 896 nent
889 838 1014 908 tarnem
1048 827 1107 910 54,
1141 833 1177 892 7:
1208 835 1363 912 meroque

221 945 343 1014 iomeo,··
366 939 416 1017 553
441 939 477 1000 5:
500 957 663 1002 summum
684 943 808 1014 tamon·
828 923 1362 1016 xxxv111‚3e,a:noaneamen

221 1061 286 1118 oea·
309 1042 361 1122 aa,
385 1039 553 1114 ,asenna
574 1029 696 1119 amn
720 1043 771 1123 sa,
786 1039 854 1104 x11:
876 1043 993 1120 mnne
1012 1047 1133 1117 amaa·
1162 1033 1360 1118 xxxvlm,

222 1149 275 1227 33,
299 1148 356 1211 11:
378 1149 567 1212 oboedienter
584 1155 711 1225 tornen-
727 1150 761 1212 et
778 1144 924 1213 similiter
940 1163 999 1230 per
1016 1145 1118 1210 totum
1127 1146 1303 1239 auctorem.
1318 1177 1360 1188 -

220 1254 390 1334 praeterea
404 1267 474 1316 wuox
495 1259 602 1318 tomen
623 1251 687 1316 iam
708 1249 770 1316 litt.
796 1268 867 1316 unc
892 1248 1076 1316 abbreviata
1098 1246 1159 1313 ΤΜ
1176 1250 1209 1313 et
1228 1247 1360 1314 minusc.

209 1352 257 1418 'tri
278 1354 397 1436 scripta
418 1351 511 1420 tacite
543 1354 732 1421 intercidere
762 1357 904 1438 poterat,
934 1353 1124 1439 praesertim
1156 1370 1228 1418 cum
1259 1350 1362 1417 consi-

222 1457 332 1538 deres,
362 1463 546 1541 sequentem
569 1476 695 1542 quoquc
716 1457 870 1540 syllabam
892 1461 1128 1545 eveunuptam
1150 1475 1232 1539 esse,
1254 1457 1302 1524 ita
1325 1461 1362 1522 ut

221 1562 371 1629 librarius
393 1581 430 1630 ex
450 1563 610 1646 scriptura
623 1548 723 1630 TXsl
737 1563 833 1630 etiam
847 1562 992 1630 consulto
1006 1563 1198 1647 particulam
1215 1562 1362 1628 omittere

221 1671 339 1750 posset.
730 1701 732 1708 ·
1034 1721 1037 1727 ι

236 1815 239 1820 -
308 1771 357 1838 De
378 1773 482 1839 altero
502 1772 571 1856 loco
594 1775 746 1858 corrupto
756 1775 945 1858 sidoniaque
966 1771 1143 1854 Madvigius
1164 1774 1196 1836 et
1213 1769 1361 1837 Hertzius

222 1881 387 1945 censentes
411 1877 646 1969 substantivum
667 1878 751 1943 sicut
771 1881 912 1946 nodone
933 1877 1118 1944 ammissum
1138 1894 1208 1942 csse
1232 1874 1362 1956 legunt:
1430 1959 1434 1966 .

221 1980 341 2064 „hostis
353 1986 481 2067 fidum'o
503 1982 734 2068 aodanbpnet‘
1341 2032 1343 2038 ,

308 2085 602 2168 Weissenbornius,
634 2085 689 2170 qui
717 2086 825 2172 priore
847 2091 991 2172 tempore
1013 2085 1147 2152 eandem
1169 2085 1361 2152 sententiam

220 2191 366 2272 obtinuit,
388 2195 507 2276 postea
525 2195 634 2256 autem
655 2191 836 2276 auspicatus
860 2196 911 2258 est
925 2191 958 2256 iu
974 2191 1096 2274 syllaba
1109 2214 1167 2277 qne
1184 2207 1360 2276 pronomen

207 2293 391 2362 relativum
412 2294 536 2372 inesse,
558 2294 730 2362 novissimo
751 2299 895 2382 tempore
925 2295 959 2362 iu
982 2296 1056 2363 edit.
1078 2295 1214 2362 Weidm.
1237 2298 1361 2362 mutata

222 2416 334 2464 rursus
357 2400 515 2468 sententia
537 2399 683 2482 scripsit:
704 2403 845 2486 „fidente
865 2399 1084 2485 oceanoque‘
1104 2399 1197 2465 nixus
1214 2397 1360 2482 exemplo

220 2502 320 2585 XXV,
342 2502 394 2585 37,
419 2503 475 2572 12:
499 2503 708 2586 „mirabundi
732 2504 817 2570 unde
838 2507 928 2570 tanta
949 2507 1108 2586 oudone,
1132 2507 1222 2570 taum
1232 2507 1361 2588 fiducia

221 2607 269 2672 sui
291 2606 383 2674 victis
398 2653 406 2670 .
422 2659 431 2676 .
445 2608 473 2676 .“
495 2607 653 2675 Luchsius
671 2625 797 2691 quoque
811 2607 902 2690 legit:
924 2611 1071 2693 „fleiun'a
1083 2609 1257 2690 (cadmia)
1272 2609 1362 2696 qne.“

305 2711 371 2780 Sed
392 2712 452 2782 hac
473 2715 515 2781 de
537 2733 572 2782 re
594 2713 772 2796 quaeritur,
795 2731 869 2778 num
893 2713 990 2780 scribi
1011 2713 1119 2780 liceat:
1138 2718 1267 2798 fidncia
1288 2737 1360 2780 on-

221 2821 405 2904 dooe’oqoe
428 2853 467 2868 -
488 2811 683 2904 'conceptos
704 2819 787 2901 quod
810 2817 957 2901 equidem
978 2817 1117 2900 probare
1137 2835 1200 2884 non
1229 2836 1360 2901 possum

221 2919 387 2986 deficiente
408 2923 564 3006 exemplo,
586 2921 671 2987 unde
688 2921 897 3007 perspicuum
918 2918 983 3002 fiat,
1005 2920 1166 2987 Romanos
1188 2922 1358 3008 scriptores

221 3025 359 3092 dixisse:
378 3031 551 3102 aedmeri
569 3033 745 3112 concinera-
762 3031 794 3092 et
811 3025 922 3092 dubito
940 3026 1048 3104 etiam,
1064 3043 1140 3093 num
1158 3028 1359 3094 commutatis

221 3129 388 3198 verborum
410 3132 501 3200 locis:
533 3136 672 3199 nodom'o
692 3135 909 3218 fiduciaque·
925 3132 1080 3213 ⁴quoniam
1113 3117 1360 3200 consubstan-

221 3235 286 3302 tiva
318 3237 407 3322 quasi
440 3257 542 3304 unum
569 3253 687 3322 corpus
719 3235 873 3318 efficiant,
904 3253 956 3302 res
989 3235 1046 3302 illa
1068 3235 1196 3302 insolita
1217 3236 1358 3306 tollatur.

221 3358 283 3422 qua
300 3342 351 3410 oe·
366 3361 462 3436 eausa
484 3344 654 3436 videndum
671 3347 749 3423 cst,
781 3341 866 3425 quod
897 3341 985 3407 aliud
1018 3340 1253 3408 substantivum
1287 3360 1359 3408 cum

221 3447 375 3512 vocabulo
393 3454 521 3532 fisneta
551 3447 700 3530 coniungi¹
731 3447 842 3532 possit.
893 3444 1219 3513 Desideres'lorsitan
1240 3464 1359 3530 vocem,

221 3567 303 3634 quae
326 3551 462 3622 alterum
484 3555 716 3622 substantivum
738 3550 843 3636 auget,
865 3556 901 3618 el
921 3570 1003 3635 quae
1026 3552 1087 3617 duc
1106 3551 1294 3618 Germanice
1313 3554 1358 3620 sic

220 3653 286 3722 iere
308 3658 500 3726 reddunturi
523 3662 786 3728 znoersictttr‘ebes
815 3660 997 3738 Ver-tranen,
1021 3656 1107 3738 quod
1129 3673 1201 3722 esse
1221 3674 1358 3738 censeas,

220 3761 247 3826 si
278 3762 443 3849 scripseris
475 3785 530 3848 spe
551 3769 747 3850 fiwoanoe.
798 3761 878 3826 haec
897 3762 993 3828 cuim
1023 3753 1192 3843 voeabula,
1209 3761 1358 3846 inquies,

220 3864 300 3932 alias
324 3883 451 3950 quoque
471 3867 637 3942 coniuncta
656 3871 734 3934 sunt
753 3870 792 3932 ut
812 3864 912 3946 XXX,
932 3864 985 3945 28,
1008 3871 1044 3932 9:
1066 3865 1201 3948 „quibus
1219 3870 1291 3932 erat
1311 3868 1358 3932 in-

220 3985 298 4050 gens
320 3971 353 4036 iu
375 3969 525 4056 Scipione
534 3975 662 4056 floreio
683 3969 893 4037 etvietoriae
908 3970 1014 4054 spea;“
1038 3968 1160 4037 borrel.
1176 3971 1255 4053 Nep.
1269 3971 1358 4037 Han·

220 4072 284 4140 nib.
308 4071 338 4158 8,
362 4075 395 4141 1:
417 4082 472 4159 „at
494 4075 652 4142 Hannibal
743 4072 884 4142 Africam
906 4075 1042 4141 accessit
1071 4073 1240 4141 infinibus
1263 4074 1357 4158 cyre-

220 4197 372 4262 neorum,
405 4180 433 4245 si
462 4178 544 4246 sorte
577 4178 854 4261 Carthaginienses
894 4180 936 4246 ad
973 4179 1092 4245 bellum
1122 4179 1271 4246 Antiochi
1303 4203 1358 4270 ope
