3302 4956
742 417 950 524 Aa..

277 645 316 696 ec
336 633 517 712 postremae
539 628 698 697 litterulae
719 629 881 713 scriptum,
904 629 990 696 unde
1010 629 1174 710 genetivus
1196 630 1341 715 pendeat,
1364 632 1415 698 vel

277 739 314 800 ut
335 735 473 803 breviter
495 735 608 818 dicam,
629 734 860 804 emendandum
878 751 965 802 essee
985 735 1090 818 ‚tanti
1108 754 1233 804 errares
1251 735 1415 822 implicant

277 843 454 925 temporum
474 845 657 910 ardmacmf‘

362 944 559 1012 Vocabulum
590 949 671 1012 ratio
704 945 788 1011 enim
821 945 1007 1029 plerumque
1036 949 1068 1011 et
1097 944 1131 1012 id
1159 945 1192 1012 in
1214 946 1413 1030 perantiquis

276 1049 434 1117 codicibus
456 1069 513 1134 per
534 1054 627 1118 netas
650 1049 818 1118 scribitur:
838 1052 875 1117 νδ
896 1075 938 1112 =
959 1049 1049 1133 ratio,
1081 1053 1113 1117 et
1145 1051 1262 1118 idcirce
1288 1059 1354 1117 rem
1373 1073 1415 1110 =

276 1153 447 1237 rationem3
478 1154 516 1222 cl.
548 1155 826 1225 Waltenbachiusr
859 1155 1049 1237 „dulcitung
1079 1173 1137 1222 zur
1165 1154 1273 1223 latein.
1301 1154 1413 1221 Paldn·

274 1257 408 1342 graphio
433 1263 525 1341 1878,
547 1277 618 1342 pap.
644 1258 715 1326 71.“

360 1359 442 1428 (ium
470 1362 569 1446 igitur
596 1362 629 1429 in
660 1362 831 1449 archetype
860 1381 1006 1431 censeam
1027 1361 1125 1431 fuisse
1146 1373 1323 1449 temporum
1344 1371 1413 1429 rem

274 1467 325 1533 uel
346 1476 489 1553 tempore
510 1468 562 1535 uel
583 1477 702 1554 tempor
721 1472 754 1551 Ι,
788 1487 871 1552 quea
901 1466 1080 1551 scripturae
1110 1472 1146 1535 nt
1178 1468 1243 1536 vidi
1272 1487 1309 1535 ex
1333 1466 1414 1535 Giri-

273 1570 393 1638 bauero
415 1590 487 1656 pag.
512 1574 554 1640 60
576 1577 608 1639 et
631 1574 681 1656 61,
698 1573 763 1640 iam
781 1572 953 1640 maioribus
971 1571 1085 1640 litteris
1097 1571 1238 1640 adfuisse
1250 1576 1413 1654 putantur,

273 1676 323 1742 vel
345 1676 442 1744 ctiam
462 1687 593 1764 temper.
615 1686 682 1746 rim
705 1680 920 1760 (er.=erum
941 1695 1095 1762 persaepe
1117 1695 1199 1746 saec.
1221 1673 1271 1746 XI
1289 1682 1322 1743 et
1337 1675 1412 1762 XII)

274 1782 430 1876 neminem
452 1787 530 1866 putu
553 1782 772 1851 dubitaturum
802 1803 889 1866 csse,
921 1784 998 1869 quin
1035 1782 1184 1852 facillime
1212 1781 1413 1852 accusativus

273 1893 339 1952 rem
362 1903 432 1952 cum
453 1887 662 1968 antecedente
683 1886 807 1971 syllaba
827 1911 901 1954 rum
923 1885 1073 1955 confusus
1095 1887 1298 1954 interciderit.

359 1991 408 2057 De
429 2009 505 2058 voce
526 1997 608 2059 ratio
630 1991 758 2092 ipeufut
778 2011 881 2076 pauca
903 1992 1014 2076 dicam,
1037 1993 1175 2075 primum
1196 1991 1280 2058 inter
1303 2009 1412 2058 omncs

273 2100 418 2162 constare
439 2097 592 2178 existima,
615 2114 686 2163 eam
707 2115 862 2181 persaepe
883 2097 1029 2164 adhiberi
1058 2098 1100 2164 ad
1129 2094 1413 2164 circumscribenda

273 2198 483 2282 substantiva,
498 2201 546 2268 ita
558 2205 604 2284 ut,
626 2200 688 2268 etsi
710 2200 864 2268 vocabule
885 2207 967 2269 ratio
988 2200 1067 2268 nihil
1089 2201 1240 2284 penderis
1264 2199 1412 2267 hocloco

272 2301 413 2371 tmbnere
434 2304 492 2371 tibi
513 2304 546 2370 in
567 2309 706 2372 mentem
727 2306 858 2387 venerit,
880 2310 995 2388 temen
1019 2304 1093 2389 quia
1113 2304 1207 2372 lectio
1237 2315 1412 2391 temporam

271 2413 425 2476 rabonus
447 2407 605 2493 significet
625 2417 776 2494 tempora
798 2408 836 2477 cl.
860 2410 1024 2494 Zumptius
1047 2426 1178 2492 gramm.
1202 2409 1220 2494 5
1240 2407 1311 2491 678,
1334 2407 1412 2475 nihil

271 2510 368 2578 alieni
390 2512 459 2579 eius
481 2512 569 2579 medi
591 2511 773 2580 coniectura
793 2513 917 2581 habeat
962 2515 1021 2582 sed
1043 2513 1071 2580 si
1092 2531 1202 2580 vacem
1227 2519 1309 2580 ratio
1340 2531 1411 2580 cen·

273 2634 344 2682 scas
361 2615 495 2684 alicuius
508 2635 580 2684 esse
594 2617 754 2701 ponderis,
772 2636 835 2685 nen
854 2618 982 2701 quidem
1000 2636 1080 2702 opus
1097 2635 1167 2684 esse
1182 2615 1262 2684 mihi
1279 2617 1412 2699 uidetur,

274 2721 306 2789 id
322 2723 407 2805 qnod
421 2721 506 2789 iuter
521 2741 630 2790 omnes
653 2726 780 2790 cunstat
802 2728 922 2790 rectum
944 2739 1016 2792 esse
1033 2723 1242 2804 etesiarum,
1261 2723 1412 2806 exemplis

274 2826 495 2908 demonstrari,
517 2827 574 2893 scd
596 2831 704 2894 tamen
725 2846 827 2911 panca
847 2827 989 2910 prolerre
1017 2827 1152 2895 institui.
1197 2826 1243 2894 sic
1264 2825 1410 2910 XXXVI,

274 2929 325 3011 23,
349 2937 384 2996 7:
410 2949 501 3012 „cum
524 2929 676 3015 fatigatus
697 2932 762 2999 iam
783 2931 914 3000 Aetolos
937 2933 1032 3000 sciret
1055 2931 1163 3000 consul
1185 2934 1219 2998 et
1236 2950 1275 2999 ex
1291 2936 1412 2998 ratione

272 3040 419 3122 caupona
441 3040 475 3103 et
495 3036 582 3120 qued
602 3037 648 3104 ita
668 3037 852 3122 transfugae
871 3037 1118 3121 adfirmabant3‘
1147 3037 1221 3104 Tac
1245 3037 1319 3105 dial.
1341 3056 1411 3120 cap.

273 3142 389 3209 24...
414 3157 504 3222 „cnm
526 3141 715 3223 praesertim
737 3141 823 3210 CXX
848 3162 949 3211 annus
978 3142 1019 3210 ab
1042 3143 1173 3210 interitu
1195 3140 1355 3209 Ciceronis
1377 3141 1410 3206 in

272 3244 357 3312 hunc
386 3245 469 3312 diem
499 3243 581 3314 effici
610 3253 692 3315 ratio
722 3258 899 3334 temporam
928 3247 1129 3330 collegerit3‘
1165 3246 1312 3314 similiter
1346 3245 1409 3314 Oic.

272 3353 364 3418 Brut.
387 3351 475 3434 XIII,
497 3352 556 3419 49:
588 3356 640 3434 „et
661 3353 817 3421 Graeciae
846 3354 975 3437 quidem
1004 3357 1167 3420 craterum
1195 3358 1285 3420 ortus
1315 3357 1411 3436 atque

272 3455 376 3524 lentes
398 3456 487 3524 vides
517 3458 559 3525 ad
589 3463 771 3526 nostrerum
800 3465 970 3526 αιιιιαλὴιιιι
999 3464 1153 3527 rationem
1181 3458 1344 3525 vetercs“.
1362 3508 1370 3524 .
1385 3479 1410 3538 .;

274 3561 308 3628 (l.
330 3559 416 3628 Suet.
440 3559 576 3646 Tranqu.
600 3563 640 3628 de
660 3562 726 3629 vite
748 3562 920 3630 (laesarum
941 3563 967 3644 1,
989 3565 1051 3631 40:
1074 3580 1155 3646 „que
1178 3566 1286 3629 autem
1308 3563 1415 3646 magis,

271 3665 306 3732 in
326 3670 489 3749 posterum
503 3717 512 3734 .
528 3714 559 3736 ..
582 3676 758 3752 ternporum
779 3675 860 3736 ratio
883 3668 1099 3752 congrueret.“

358 3770 530 3839 Praeterea
550 3770 716 3838 lectionem
737 3776 902 3857 implanare
922 3777 1077 3840 redonen
1094 3771 1170 3839 usui
1184 3771 1301 3840 Latino
1318 3789 1408 3840 acco-

271 3876 432 3943 modatam
443 3893 523 3959 esse,
537 3879 672 3960 apparet
689 3894 728 3942 ex
742 3876 802 3943 (lic
819 3876 928 3961 Pomp.
950 3882 978 3958 7,
999 3874 1056 3942 la:
1080 3882 1180 3958 ,ναιίο
1194 3876 1408 3960 pecuniarum,

272 3999 355 4064 quac
376 3986 539 4065 implacata
560 3985 612 4047 est
633 3998 705 4047 cum
726 3979 868 4064 pecuniis
889 3979 1055 4049 Asiaticis‘
1078 3985 1111 4048 et
1132 3981 1196 4048 (lic.
1214 3981 1295 4064 disp.
1314 3980 1409 4052 Tusa

272 4082 328 4166 1v,
350 4084 402 4167 27,
426 4088 486 4152 te:
510 4071 636 4169 „itaque
658 4084 737 4153 bene
757 4083 903 4153 adhibita
924 4091 1006 4153 rudo
1024 4084 1134 4163 cernit
1156 4085 1233 4169 quid
1253 4085 1407 4171 optimum

272 4189 325 4277 sit,
347 4190 491 4279 neglectu
512 4190 620 4258 multis
642 4194 822 4276 implicatae
843 4190 1028 4260 monbua“
