3302 4956
841 365 883 450 3‘2'

696 695 876 785 XXXIV,
898 695 937 786 2,
959 695 1013 768 12.

369 853 410 932 In
431 853 476 926 M.
499 851 630 922 Catonis
653 816 775 922 contra¹
788 855 1027 942 abrogationem
1060 855 1139 938 legis
1173 853 1295 956 Oppiae
1316 833 1426 928 habita

283 960 427 1026 oratione
449 959 552 1025 oodex
574 957 822 1058 Bambergensis
854 979 918 1027 nnn
940 979 1010 1030 eum
1042 961 1210 1047 deperdito
1239 963 1426 1056 Mogontino

283 1064 432 1130 exhibet:
597 1077 602 1086 ·
1420 1069 1422 1074 '

437 1171 547 1251 „Quid
566 1173 651 1235 enim
671 1191 758 1242 nuno
779 1173 871 1236 uliud
889 1193 951 1254 per
980 1174 1051 1236 oeae
1078 1179 1108 1236 et
1137 1177 1274 1258 emnpda
1294 1179 1429 1260 famant

387 1272 470 1358 (scil.
494 1270 645 1358 feminae)
678 1297 777 1359 quam
807 1281 1001 1360 rapotonem
1025 1277 1224 1345 trebanorum
1242 1279 1333 1362 ,pubi
1352 1300 1426 1346 mea·

385 1382 467 1458 dent,
488 1383 588 1446 doum
610 1383 708 1464 legem
729 1380 951 1464 abrogandam
973 1381 1142 1446 oeneent?“

368 1482 453 1548 nuit.
476 1482 576 1578 Basil.
599 1481 701 1550 1539:
734 1487 834 1568 „quid
860 1489 944 1549 enirn
974 1506 1060 1550 nuno
1081 1487 1173 1552 aliod
1189 1535 1270 1552 .....
1283 1493 1426 1573 sanent,

281 1611 379 1674 quone
397 1591 495 1673 quod
510 1574 611 1653 uliae
627 1573 804 1673 rogotioroee
818 1590 1015 1654 tribunorum
1028 1575 1154 1672 plebio
1170 1593 1312 1672 suadem,
1325 1597 1426 1661 aliae

281 1698 377 1779 legem
398 1694 619 1777 abrogandam
649 1691 816 1760 oeneeac?“
846 1711 929 1776 quae
958 1690 1051 1757 lectio
1082 1692 1150 1758 sine
1172 1691 1268 1760 dubio
1290 1712 1333 1760 ex
1354 1713 1426 1763 con·

281 1796 402 1863 iectura
423 1793 564 1881 profecta
585 1799 644 1861 est.

324 1899 525 1982 2Vulgnta:
557 1917 675 1984 „quam
707 1899 905 1982 rogationem
937 1900 1138 1968 tribunorum
1167 1901 1252 1987 plebi
1282 1905 1423 1982 suadent,

282 2010 367 2073 diae
389 2005 493 2087 legem
515 2001 733 2088 abrogandam
755 2005 929 2072 censent?“
1001 2067 1003 2071 ,

368 2107 530 2175 Vocabulo
541 2113 642 2202 aliam
652 2126 785 2192 prorsus
804 2108 912 2195 inepto
925 2109 995 2176 iure
1006 2107 1205 2177 offenderunt
1217 2095 1424 2199 interpretem

282 2212 464 2296 Madvigius
496 2218 529 2279 et
550 2211 700 2300 Hertzins
722 2213 755 2280 id
784 2211 967 2298 includunt,
1001 2219 1034 2281 et
1059 2213 1337 2284 Weissenbomius
1358 2235 1424 2282 ser·

282 2319 369 2385 navit
390 2317 418 2384 is
436 2316 564 2400 quidem
576 2322 688 2396 olmm,
702 2317 759 2384 sed
772 2320 858 2384 reete
870 2317 904 2384 id
918 2336 953 2384 se
962 2315 1081 2386 habere
1092 2322 1196 2400 negot
1226 2337 1305 2402 ques
1319 2325 1423 2386 autem

281 2425 355 2507 ipse
371 2421 494 2508 profert
510 2409 718 2502 coniecturas,
736 2426 883 2493 neutram
897 2427 1006 2507 aptam
1021 2439 1092 2490 esse
1108 2421 1229 2498 fateor:
1245 2409 1280 2506 1‘)
1292 2428 1423 2509 audem

274 2513 368 2612 {quod
402 2527 456 2592 lex
489 2525 608 2608 viginti·
625 2518 789 2591 ¹annorum
819 2531 953 2612 onu'w
985 2545 1050 2592 non
1077 2532 1126 2594 est
1153 2519 1361 2608 nominanda,
1387 2531 1425 2592 nt

282 2635 419 2719 apparet
449 2649 491 2698 ex
516 2625 682 2710 XXXIV,
705 2634 742 2710 6,
766 2633 803 2694 9:
824 2630 917 2713 „quis
939 2631 1038 2723 igitur
1059 2632 1169 2714 nescit,
1191 2654 1306 2700 nonam
1328 2633 1425 2698 istem

282 2735 383 2822 legem
413 2753 483 2802 esse
506 2733 538 2800 0.
561 2732 660 2800 Fabio
684 2738 717 2804 et
739 2733 774 2801 T.
793 2727 985 2818 'Sempronio
1006 2735 1190 2803 oonsulibus
1211 2735 1326 2820 viginti
1348 2740 1425 2802 ante

282 2843 373 2928 annis
403 2839 532 2906 letam.“
563 2875 600 2885 -
631 2837 667 2924 2)
697 2861 737 2906 ao
762 2844 849 2919 iam,
883 2841 968 2924 quod
998 2838 1130 2909 nimium
1161 2841 1315 2924 languere
1348 2838 1425 2906 mihi

282 2947 416 3014 videtur.
517 3007 520 3014 .

369 3047 438 3116 Hac
461 3049 500 3116 de
522 3066 557 3114 re
578 3047 794 3115 consideranti
814 3047 954 3133 primum
974 3047 1053 3114 mihi
1075 3049 1223 3130 occurrit,
1238 3049 1425 3136 scriptorem

283 3154 339 3222 nni
352 3153 430 3222 uitio
454 3151 660 3222 feminarum:
681 3170 797 3235 „quam
812 3149 1010 3234 rogationem
1023 3152 1223 3220 tribunorum
1244 3151 1330 3237 plebi
1353 3171 1424 3220 sua

284 3247 386 3326 dent“'
402 3257 536 3324 alterum
557 3257 654 3340 idque
676 3255 805 3339 gravirm
830 3255 1000 3338 addidisse,
1022 3255 1135 3338 idest,
1167 3273 1221 3322 eas
1244 3274 1309 3350 non
1330 3256 1425 3322 modo

282 3364 441 3446 rogandos
457 3380 571 3430 curare
586 3360 671 3444 leges
690 3360 888 3443 suadereque
904 3364 961 3426 aut
977 3360 1162 3428 dissuadere
1176 3350 1240 3442 eas',
1258 3361 1424 3429 sedetiam

282 3551 371 3609 vertit.
406 3551 455 3605 illa
473 3548 632 3619 significatio
650 3547 731 3604 etiarn
756 3549 900 3618 perspicua
915 3547 964 3616 tit,
991 3549 1015 3604 si
1032 3548 1066 3604 nd
1085 3553 1239 3616 sequentem
1257 3549 1424 3616 sententiam,

284 3655 354 3711 qnae
371 3655 433 3695 enm
450 3643 546 3694 nostro
563 3637 623 3692 loeo
641 3635 802 3692 eonferenda
820 3643 869 3708 est,
897 3636 1014 3692 nmmum
1040 3634 1217 3691 advertimus:
1234 3633 1320 3706 XXX,
1339 3635 1380 3707 16,
1396 3635 1424 3690 2:

282 3725 535 3801 „Oamhaginienses
551 3739 606 3779 non
624 3723 698 3780 breui
715 3723 809 3790 solnm,
836 3723 884 3779 sed
901 3737 987 3793 prope
1010 3737 1078 3778 vano
1105 3721 1202 3792 gaudio
1225 3723 1259 3779 ab
1275 3723 1342 3779 satis
1359 3737 1423 3793 pro-

282 3830 362 3886 spera
378 3815 407 3869 in
423 3827 554 3884 praesens
571 3812 772 3882 oppugnatione
782 3811 878 3867 elassis
888 3813 995 3882 perfrui,
1011 3815 1075 3878 pust
1090 3812 1189 3866 duram
1202 3810 1273 3880 eapti
1285 3809 1425 3882 Syphacis,

282 3904 311 3958 in
328 3918 382 3972 qno
398 3900 461 3970 plne
479 3915 567 3969 prope
582 3915 662 3968 quem
679 3899 707 3954 in
724 3896 912 3956 Hasdrubale.
924 3937 930 3954 .
941 3937 948 3953 .
958 3897 1017 3966 spei
1033 3902 1221 3970 reposuerunt,
1240 3902 1423 3966 pereane‘1...,

283 3994 377 4044 nostro
393 3989 454 4045 loeo
471 3991 736 4044 automedontantea
749 3986 910 4055 dictumest,
926 3984 1105 4042 Hannibalern
1117 4001 1171 4040 non
1189 3985 1290 4040 laetum
1307 3986 1423 4041 animum

282 4076 444 4145 oonoepisse,
461 4075 501 4130 ita
511 4073 762 4130 vooebnlomonume
779 4083 863 4126 tameo
872 4087 916 4126 me
927 4071 1031 4138 donent,
1042 4070 1114 4126 ideo
1125 4073 1211 4142 magis
1228 4078 1292 4142 poet
1308 4071 1424 4130 alterurn

282 4163 407 4220 nuntium
422 4162 515 4234 fuisse,
531 4161 617 4218 idest
633 4159 813 4218 Hannibalem
826 4177 972 4227 poenam
992 4173 1061 4226 osse,
1175 4187 1177 4196 v
