3302 4956
841 343 883 426 as

235 628 237 632 .
292 591 389 642 causa
409 591 450 640 ne
472 571 666 641 deteriorum
696 546 824 656 quidem
855 571 999 639 codicum
1028 571 1121 639 lectio
1152 576 1295 640 macione,
1321 577 1433 640 sortirer

290 679 361 760 sine
383 678 479 746 dubio
502 697 541 744 ex
564 676 747 744 coniectura
768 679 847 754 orte,
872 693 968 759 quam
983 675 1133 742 Hertzius
1156 693 1281 760 quoqne
1302 676 1432 761 reecpit,

291 783 370 849 mibi
399 783 572 867 probatur,
606 782 757 865 quoniam
788 781 991 848 adversativa
1022 779 1135 848 relatio
1165 779 1318 849 aufertur.
1368 781 1430 848 iam

291 885 571 954 Drakenborcbius
589 887 727 955 credidit
744 881 801 969 „od
819 891 849 954 ot
865 885 1017 966 (maxime
1027 885 1069 970 si)
1082 889 1197 952 natum
1212 901 1282 954 esse
1300 904 1338 954 ex
1355 903 1432 950 voce

291 997 404 1085 sorlr'cet
425 991 549 1058 duabus
571 991 688 1060 litteris
711 1014 754 1058 so
778 991 974 1074 conscripto:
995 989 1101 1076 ipsum
1125 995 1232 1058 autern
1249 995 1363 1057 scilicet
1382 1008 1432 1058 re·

291 1095 455 1163 ferendum
478 1100 527 1163 e'st
547 1096 632 1163 inter
654 1096 779 1180 glossas
802 1096 1009 1164 scribarum.“

379 1201 467 1280 Quae
487 1218 558 1267 curn
579 1200 625 1268 ita
647 1201 721 1284 sint,
745 1200 863 1275 dixerit
885 1199 1054 1286 quispiam,
1069 1199 1261 1285 particulam
1280 1206 1316 1282 si,
1336 1217 1432 1282 quarn

292 1305 573 1372 Weissenbornins
596 1305 700 1372 adhuc
721 1304 854 1390 recepit,
871 1303 1029 1372 Luchsius
1048 1309 1155 1370 autern
1172 1304 1345 1387 praeteriit,
1363 1304 1432 1371 sine

293 1409 387 1478 dubio
417 1410 589 1478 eiciendum
620 1415 654 1476 ct
679 1407 827 1482 fortasse¹
840 1409 1010 1492 legendnm
1033 1427 1118 1476 esse:
1141 1399 1374 1492 scd‘macime,
1397 1413 1433 1474 ut

292 1513 507 1581 Alschefskius
546 1513 690 1600 scripsit3
721 1512 889 1598 probabile
921 1513 1006 1579 enirn
1038 1531 1129 1594 esse,
1162 1512 1350 1580 vocabulum
1381 1516 1439 1578 scd
1604 1497 1605 1552 l

292 1623 349 1686 ont
370 1617 536 1686 confusum
557 1637 630 1686 curn
652 1619 791 1686 secunda
813 1616 933 1701 syllaba
954 1618 1045 1686 verbi
1066 1622 1156 1684 codd
1177 1617 1353 1699 excidisse,
1377 1621 1433 1682 aut

291 1723 371 1790 ialso
392 1723 460 1790 loco
483 1723 622 1810 positum
643 1741 771 1790 causam
792 1721 900 1804 iuuisse,
923 1726 960 1789 ut
981 1722 1022 1790 ab
1044 1721 1276 1806 interpolatore
1293 1724 1433 1788 marim

292 1834 322 1894 ar·
343 1829 551 1896 coniceretur.
1006 1841 1008 1846 ·
1395 1839 1397 1842 ·
1440 1912 1442 1916 ¹

379 1931 443 1999 Sed
465 1949 657 2016 quamquam
680 1931 738 2000 tali
762 1931 945 1999 coniectura
961 1935 995 2000 ct
1011 1931 1172 1999 sententia
1190 1931 1271 1998 bene
1288 1931 1432 2017 procedit

292 2041 325 2104 et
346 2035 484 2104 traditus
505 2039 613 2104 textus
635 2035 801 2123 paululum
824 2040 949 2102 tanturn
971 2040 1130 2117 mutatur,
1158 2039 1264 2102 tamen
1287 2035 1430 2118 equidem

292 2139 457 2223 praefero:
489 2147 629 2210 monimo
660 2149 775 2208 monera
819 2137 898 2206 haec
932 2140 994 2207 duo
1016 2140 1115 2208 verba
1138 2140 1241 2222 enirn,
1263 2139 1331 2208 sive
1352 2139 1433 2206 forte

293 2246 361 2313 sive
382 2245 512 2312 consilio
535 2247 705 2316 coniuncta
726 2249 811 2325 sunt,
824 2263 931 2331 saepe
954 2245 1041 2331 apud
1062 2245 1188 2312 Livium
1210 2244 1243 2310 in
1266 2246 1434 2314 sententiis

292 2353 402 2415 nostro
424 2349 493 2416 loco
515 2349 671 2416 similibus
693 2349 907 2431 inveniuntur,
929 2348 984 2418 ubi
1005 2347 1205 2416 scilicetnon
1218 2351 1354 2433 nega-si
1367 2349 1432 2416 alia

291 2452 451 2539 particula
473 2453 595 2540 scripta
617 2456 711 2535 esset,
734 2471 804 2520 eom
825 2453 946 2539 optime
966 2471 1131 2524 cessuram
1154 2473 1232 2522 esse.
1279 2455 1316 2537 V,
1341 2460 1370 2534 b,
1393 2461 1430 2520 9:

291 2576 394 2642 „quae
414 2557 448 2624 in
471 2556 556 2624 omni
578 2556 706 2640 quidem
726 2575 842 2640 genere
863 2557 1010 2640 militiae,
1032 2565 1299 2626 marmorosum
1320 2559 1355 2628 in
1378 2560 1433 2627 ob-

292 2661 433 2728 sidendis
467 2658 602 2728 urbibus
634 2659 814 2729 neccssaria
844 2661 1000 2744 est...;“
1031 2662 1070 2742 V,
1102 2660 1162 2742 38,
1197 2664 1234 2730 9;
1265 2672 1432 2745 „mammo

291 2775 397 2834 tamea
428 2783 504 2851 pars
537 2762 704 2841 incolumis
736 2763 830 2831 Veios
852 2764 993 2850 perfugit
1002 2765 1032 2848 ;“
1056 2763 1199 2850 ¹XXIII,
1223 2768 1252 2848 2,
1276 2768 1315 2831 2:
1336 2769 1433 2852 „inde

293 2871 434 2956 Capuam
456 2868 556 2936 flectit
577 2869 642 2936 iter
663 2868 877 2936 luxuriantem
898 2869 996 2953 longa
1020 2869 1173 2938 ¹felicitate
1200 2879 1296 2956 atque
1328 2873 1433 2940 indul·

292 2976 402 3058 gcntia
422 2972 589 3056 fortunae,
611 2979 751 3041 mommo
763 2983 878 3041 damea
900 2975 984 3042 inter
1003 2982 1158 3062 corrupta
1179 2977 1285 3043 omnic
1306 2976 1433 3044 licentia

291 3079 393 3164 plebis
417 3078 485 3144 sine
507 3077 600 3144 modo
623 3076 803 3144 libertatem
825 3079 1002 3146 exercentis
1011 3079 1038 3160 ;“
1070 3079 1187 3161 XXIX,
1209 3080 1262 3163 34,
1285 3086 1322 3150 b:
1355 3101 1433 3163 „nec

293 3183 429 3250 aliarum
458 3182 601 3264 gentium
634 3186 842 3270 aspernatus,
865 3189 1005 3252 mmmc
1025 3191 1133 3250 muron
1153 3183 1316 3252 Numidas·
1333 3205 1376 3238 -’
1398 3186 1435 3254 id

292 3289 388 3371 longe
416 3287 554 3374 primurn
585 3289 727 3371 equiturn
758 3289 791 3354 in
823 3288 932 3357 Africa
963 3293 1012 3356 est
1044 3307 1144 3372 genus
1182 3325 1216 3336 -
1244 3291 1430 3374 ¹conducit;“

292 3391 455 3474 XXXVII,
476 3391 531 3476 30,
552 3393 590 3458 2:
614 3392 746 3474 „robore
767 3394 896 3460 navium
918 3399 952 3460 ct
972 3393 1073 3461 virtut
1180 3394 1316 3461 Romani
1338 3397 1432 3479 longe

294 3497 454 3582 (Rhodiis)
484 3499 693 3583 praestabant
726 3522 783 3583 -;
814 3505 957 3582 mambre
987 3509 1094 3566 tamen
1133 3498 1280 3566 hostibus
1318 3502 1432 3567 terrori

291 3601 391 3682 fuere,
414 3621 495 3686 quae
518 3603 608 3686 ignes
630 3621 711 3687 prae
733 3621 767 3669 se
789 3604 996 3689 portabant“

378 3707 422 3772 Et
453 3707 579 3774 omnino
610 3707 778 3790 permultis
811 3708 966 3795 exemplis
1000 3707 1187 3791 cognovisse
1213 3709 1291 3775 mibi
1312 3711 1448 3792 videor,

291 3810 417 3876 Livium
437 3809 626 3894 particulam
647 3821 766 3892 tamen,
798 3813 826 3880 si
859 3831 922 3880 non
955 3831 1094 3899 semper,
1128 3818 1236 3880 tamen
1262 3805 1458 3902 praecipue

292 3919 366 3996 post
390 3915 548 3984 adiectiva
570 3917 784 4000 et-advcrbia,
807 3928 844 3984 nt
865 3917 976 3985 efferet
995 3936 1043 4000 ea,
1067 3917 1243 3999 collocasse,
1266 3917 1432 4001 quodtibi

293 4019 372 4084 satis
395 4020 598 4106 perspicuum
620 4019 687 4087 lore
710 4021 864 4103 existimo,
885 4021 916 4086 si
937 4040 1057 4108 pancos
1070 4022 1170 4088 libros
1188 4023 1429 4091 examinaveris.

293 4124 428 4209 exempli
461 4144 558 4194 causa
588 4124 668 4192 liber
689 4125 842 4197 XXXVII
864 4144 967 4214 prope
986 4127 1133 4212 deinceps
1155 4126 1304 4209 praebet:
1329 4131 1368 4211 5,
1393 4129 1429 4193 1:
