3302 4956
843 404 996 508 os,

378 613 569 698 Nuperrime
591 614 696 682 Leous
726 613 764 684 cf.
786 615 995 684 Rheinisches
1016 613 1161 681 Museunr
1183 612 1234 680 ittr
1256 611 1433 696 Philologie

293 722 354 789 vol.
378 723 436 800 35,
467 738 542 803 pers
566 719 586 783 2
618 721 781 806 exposuit,
813 721 1016 788 scribendum
1045 737 1134 785 esse:
1168 727 1217 801 „et
1247 727 1283 784 ut
1313 737 1436 803 semper

292 833 434 905 mmor,
465 833 500 891 ru
530 824 620 907 (oder
641 825 704 900 oti)
725 825 856 912 cuspide
878 831 927 892 uti
945 834 973 892 ct
1002 823 1190 905 conminus,
1224 822 1299 905 [cu]
1329 819 1435 904 gladio

292 933 419 1015 posset,
442 928 567 996 roboris
590 929 719 996 maioris
741 930 904 997 Romanus
928 945 1024 1013 eques
1048 928 1148 995 erut“

379 1035 425 1101 Ut
446 1037 568 1102 taceam
586 1033 625 1100 de
642 1034 812 1100 verborum
830 1033 1104 1128 interpretatione,
1119 1050 1215 1117 quum
1233 1031 1287 1099 ille
1303 1029 1434 1115 profert,

191 1135 196 1154 '
292 1137 451 1204 neminem
480 1136 589 1219 fugere
621 1142 718 1222 puto,
752 1141 843 1203 textu
874 1137 921 1204 sic
951 1137 1125 1205 constituto
1156 1135 1345 1202 sententiam
1380 1134 1436 1199 ed·

292 1234 421 1300 modum
443 1230 646 1299 artificiosam
668 1236 702 1298 et
723 1251 824 1318 prope
846 1233 1014 1300 obscuram
1039 1229 1126 1313 fieri3
1160 1237 1283 1298 etcum
1304 1231 1339 1302 in
1362 1254 1435 1303 con-

293 1339 423 1420 iectura‚
447 1353 541 1421 quam
564 1336 709 1420 equidem
730 1337 893 1422 explicavi,
915 1336 979 1404 duo
1000 1336 1101 1422 proeli
1119 1342 1282 1404 momente
1298 1344 1434 1422 exstent,

293 1445 386 1526 unde,
410 1442 525 1525 quibus
544 1442 641 1508 armis
658 1459 754 1524 eques
773 1447 892 1526 utetur,
914 1443 1055 1525 pendere
1072 1441 1150 1508 mihi
1166 1443 1303 1527 videtur,
1325 1462 1433 1526 unum,

293 1547 349 1614 ubi
371 1546 511 1613 nondum
547 1545 625 1614 sotis
656 1564 845 1633 progressus
874 1545 1006 1630 cuspide
1027 1553 1165 1634 pugnet,
1194 1546 1348 1629 alterurn,
1380 1548 1436 1614 ubi

290 1651 425 1736 propius
448 1651 599 1718 accedens
621 1649 656 1718 id
685 1655 736 1718 est
760 1651 936 1738 comminus
969 1651 1076 1734 gladio
1107 1656 1217 1738 podest
1245 1653 1357 1720 hostes
1380 1672 1435 1736 ag-

292 1757 383 1838 gredi
408 1793 458 1838 -,
481 1755 549 1822 sine
572 1754 668 1822 dubio
690 1755 858 1838 legendum
880 1756 963 1822 erit:

448 1864 514 1943 „Er
534 1869 574 1926 ut
598 1867 679 1928 acie
701 1866 934 1945 permixtus,
966 1864 1032 1927 ubi
1049 1866 1192 1947 cuspide,
1222 1865 1288 1930 ubi
1306 1868 1435 1930 cornmi-

396 1987 458 2030 oue
477 1967 585 2050 plodio
614 1969 672 2030 uti
685 1973 809 2049 posset,
839 1966 960 2031 robores
990 1970 1125 2032 madoris
1147 1969 1316 2034 Romanus
1344 1989 1435 2052 eques

395 2077 478 2148 nat,
510 2073 555 2134 ito
588 2075 623 2135 ire
652 2071 795 2135 adlatum
813 2072 1000 2153 ponentibus
1015 2075 1133 2154 proord
1151 2075 1238 2156 equis
1259 2075 1375 2137 munire
1395 2092 1433 2136 cc

398 2178 562 2243 intervallo
583 2176 744 2241 Mcrnidac
765 2176 1021 2241 iaculabanturf‘

724 2431 853 2519 xxx,
876 2431 940 2517 29,
962 2431 1000 2540 c.
1069 2511 1072 2520 ,

378 2590 453 2658 God.
478 2591 639 2657 Puteanus
661 2591 811 2675 praebet:

450 2705 640 2787 „Hannibal
659 2708 740 2770 codd
758 2707 883 2789 quidem
905 2727 1025 2787 eorum,
1044 2727 1129 2790 quae
1147 2708 1377 2774 condebantur·
1393 2737 1431 2748 -

395 2832 474 2876 uam
497 2817 527 2876 et
546 2811 755 2905 Muez'rrresarre
776 2831 849 2875 mom
871 2831 926 2876 sec
948 2815 1085 2878 millibus
1100 2816 1259 2896 pedidus,
1288 2817 1436 2896 quattuor

397 2919 533 3001 eposium
551 2919 671 2981 misse
687 2937 721 2981 eo
739 2920 807 3000 epse
819 2921 910 3002 sorte
926 2919 975 2982 dic
991 2919 1314 3005 adserebant-laeto
1325 2919 1435 2982 animo

394 3024 494 3099 codd,
512 3024 677 3085 mucimc
698 3025 734 3086 si
747 3023 843 3086 dostrs
854 3023 1087 3106 fiduciaque
1103 3043 1169 3087 nore
1185 3025 1222 3087 dc
1237 3025 1337 3087 uidete
1352 3041 1434 3105 prc-

388 3131 478 3209 fecto
500 3131 648 3206 concepta
662 3143 879 3207 percussus
900 3125 986 3190 esu“

378 3225 507 3312 Duplici
529 3226 654 3293 ratione
682 3225 743 3293 hoc
772 3225 971 3294 enuntiotrnn
1002 3227 1143 3304 laborat,
1176 3226 1331 3295 vocabulo
1353 3233 1384 3294 si
1402 3227 1447 3293 et'

291 3332 397 3399 verbis
408 3336 606 3418 fidurr’oqoe.
1311 3382 1314 3391 .

378 3437 454 3504 (iod.
474 3435 607 3503 Banu:
715 3437 839 3519 „audit,
872 3441 1012 3506 mocdme
1043 3440 1072 3506 si
1101 3438 1203 3505 hostis
1224 3442 1434 3524 fldcoeiaquoc

291 3558 355 3605 non
378 3541 417 3606 de
439 3540 541 3606 nihilo
564 3539 704 3624 proiecto
727 3544 881 3626 concepta
902 3561 1075 3627 percussus
1098 3543 1177 3608 est.“

377 3644 464 3710 Edit
482 3644 580 3710 Basil.
602 3645 706 3710 1539:
728 3650 1005 3728 „maffmcdoetie
1017 3652 1155 3732 fiducia,
1261 3670 1343 3733 quac
1360 3664 1434 3714 con·

291 3752 384 3835 cepto
406 3758 452 3816 est
471 3750 671 3831 percussus.“

377 3854 405 3922 J.
430 3852 482 3920 Fr.
506 3851 686 3921 Gronovius
710 3854 863 3922 coniecit:
886 3858 1055 3939 „concepta
1077 3855 1172 3923 cssed‘
1189 3853 1433 3921 -vocabulum

292 3967 337 4025 cst
349 3977 368 4024 a
382 3956 544 4042 plerisque
558 3959 684 4042 scriptis
698 3959 858 4028 veteribus
881 3958 999 4027 ciuisse
1016 3963 1049 4027 et
1065 3960 1098 4026 in
1115 3960 1186 4028 aliis
1204 3965 1432 4047 postsequens

290 4062 495 4148 participium
515 4064 656 4145 positum
679 4081 751 4130 esse
774 4082 812 4130 ex
837 4064 1097 4133 Drakenborchio
1119 4065 1291 4133 videndum
1313 4067 1370 4130 ost
1443 4103 1445 4110 ,

378 4166 428 4236 De
448 4165 610 4253 scriptura
631 4173 661 4234 ez·
680 4166 861 4252 Madvigius
884 4169 917 4236 in
940 4169 1061 4236 emend.
1080 4169 1147 4237 Liv.
1160 4189 1233 4254 pug.
1249 4173 1313 4236 435
1338 4166 1430 4236 rosti-
