3302 4956
790 441 996 561 AL„

321 683 477 754 persaepe
516 665 601 735 vocis
641 687 739 734 sonus
771 668 906 740 sufficiat
938 671 980 738 ad
1014 670 1149 757 alacrem
1180 667 1462 753 interrogationem

323 770 527 839 efficiendam.
551 775 607 841 sed
630 774 685 840 ubi
701 775 850 842 alacritas
863 775 1018 843 orationis
1034 775 1177 843 adhibito
1191 775 1347 842 vocabulo
1361 780 1463 862 quid?

321 876 385 942 iarn
416 878 528 959 adest,
556 876 589 943 in
620 879 826 962 sequentibus
858 881 1016 966 particula
1045 880 1274 961 interrogativa
1300 897 1394 963 saepe
1415 881 1463 946 iu·
1563 895 1571 905 “

321 981 458 1063 venitur,
480 983 566 1065 quod
589 1001 627 1049 ex
649 985 816 1074 sententiis
840 984 951 1067 etiarn,
975 1005 1055 1070 quas
1079 1004 1178 1070 supra
1199 984 1330 1070 protuli,
1353 985 1463 1050 viden·

324 1086 400 1152 dum
423 1091 480 1152 est.
505 1087 561 1153 sed
583 1091 691 1153 tamen
713 1089 813 1162 multa
835 1107 962 1172 quoque
984 1089 1130 1174 exempla
1153 1093 1294 1168 urrant,
1317 1087 1371 1154 ubi
1388 1093 1465 1172 post

321 1191 517 1278 praecedens
547 1196 649 1277 quid?
680 1193 839 1278 particula
868 1192 1099 1276 interrogativa
1131 1193 1220 1260 deest
1250 1197 1287 1258 ut
1308 1179 1463 1274 XXXIV,

322 1296 353 1375 3,
377 1295 415 1362 2:
437 1300 539 1382 quid?
562 1296 590 1364 si
613 1315 745 1383 carpere
767 1297 893 1381 singula
915 1303 948 1364 et
975 1304 1165 1382 extorquere
1197 1302 1228 1363 et
1262 1299 1392 1381 aequari
1423 1299 1465 1364 ad

322 1404 497 1466 extremum
519 1401 596 1466 viris
617 1402 794 1486 patiemini,
817 1402 1001 1469 tolerabiles
1023 1402 1112 1470 vobis
1131 1421 1186 1468 eas
1204 1399 1272 1468 iore
1290 1402 1418 1468 creditis
1427 1403 1465 1466 ‘l“

322 1505 483 1587 XXXXV,
507 1506 558 1588 39,
583 1505 641 1572 13:
665 1507 768 1590 „alias
792 1506 966 1592 (victimas)
989 1508 1051 1574 alio
1077 1507 1231 1574 caedente
1261 1506 1464 1573 mactabitis?

321 1613 424 1695 quid?
445 1609 517 1676 illas
541 1609 650 1696 epulas
672 1616 801 1678 senatus
828 1647 865 1660 -
889 1618 1019 1679 auctme
1041 1609 1152 1682 Servio
1174 1612 1278 1679 Galba
1301 1612 1464 1678 turbaturi

322 1713 399 1778 estis
410 1712 446 1778 Ψ(
479 1714 525 1779 ita
547 1718 598 1796 nt,
614 1802 616 1806 .
631 1733 824 1798 quamquam
846 1715 880 1782 in
900 1716 1036 1783 lectione
1056 1725 1181 1783 vetusne
1202 1722 1291 1801 repzb
1311 1714 1464 1800 perfacile

322 1815 444 1899 syllaba
475 1839 514 1883 ree
547 1816 680 1885 confusa
702 1836 773 1885 cnm
794 1843 829 1886 re
850 1820 1029 1900 videretur,
1052 1824 1159 1886 tamen
1182 1819 1289 1886 malim
1312 1819 1463 1886 traditum

322 1924 443 1986 textum
466 1922 630 1988 observem
652 1923 780 2006 legens:
804 1928 921 2011 „quide
942 1934 1028 2014 vairas
1050 1931 1138 2010 repro
1160 1925 1239 1992 leof‘
1269 1931 1272 1938 '

394 2022 459 2091 ’Λᾶ
482 2030 659 2093 extremum
682 2029 770 2095 dicar
792 2027 942 2112 forsitan,
965 2030 997 2095 in
1019 2029 1077 2096 hac
1099 2028 1258 2096 sententia
1286 2027 1464 2110 interroga·

323 2130 387 2195 tiva
408 2129 595 2198 vocabulum
617 2141 676 2200 aret
696 2133 729 2198 in
751 2131 890 2200 secunda
911 2138 1004 2219 parte
1027 2135 1084 2200 tibi
1103 2152 1166 2200 non
1182 2132 1314 2218 probari
1332 2149 1462 2215 exspec-

320 2234 446 2318 tarique
466 2235 655 2320 particulam
676 2261 731 2304 ao.
749 2273 790 2285 —
814 2237 877 2304 Sed
894 2244 999 2305 tamen
1022 2237 1081 2305 boc
1102 2238 1180 2303 milri
1201 2255 1391 2323 persuasum
1414 2240 1464 2301 cst

323 2343 408 2404 reete
430 2357 466 2405 se
488 2357 551 2406 non
574 2339 702 2422 habere,
718 2342 800 2425 ‘quia
823 2342 883 2408 hoc
900 2342 969 2408 loco
985 2343 1142 2428 particula
1159 2352 1217 2408 novt
1235 2341 1337 2406 solum
1354 2346 1463 2426 partes

322 2442 467 2508 vocabuli
479 2453 565 2510 vetus
577 2445 825 2530 distinquuntur‚
836 2465 939 2530 neque
949 2448 1170 2530 interrogatur,
1186 2451 1292 2512 utrum
1310 2445 1360 2510 lex
1372 2443 1462 2530 regia

322 2546 365 2612 sit
387 2565 428 2613 an
453 2567 472 2612 a
495 2548 681 2616 decemviris
703 2551 842 2636 scripta,
876 2556 925 2617 set
959 2570 1035 2617 num
1068 2560 1154 2617 cetus
1185 2551 1241 2636 sit,
1274 2550 1359 2632 quod
1391 2566 1463 2615 esse

322 2650 476 2732 existimo,
500 2651 567 2719 sive
588 2672 680 2736 reges
702 2655 768 2720 sive
792 2655 961 2722 decemviri
983 2674 1037 2722 eas
1060 2655 1211 2721 tulerunt.

409 2755 497 2834 Quae
518 2775 589 2822 curn
608 2757 653 2822 ita
670 2757 745 2838 sint,
769 2777 839 2825 cum
861 2759 938 2826 haec
959 2779 1030 2826 mea
1052 2760 1230 2826 coniectura
1251 2755 1360 2824 sensui
1383 2757 1463 2822 bene

322 2861 506 2944 conveniat,
538 2880 609 2928 curn
643 2867 751 2930 textus
786 2883 880 2946 quani
902 2864 1031 2932 minime
1053 2861 1210 2944 mutetur,
1234 2883 1304 2930 curn
1327 2861 1463 2944 denique

322 2983 399 3032 usus
422 2966 572 3033 Livianus
595 2969 791 3051 observetur,
813 2988 877 3034 non
900 2989 1011 3036 vereor
1033 2971 1190 3037 scribere:

477 3074 551 3153 „Eo
572 3080 642 3138 otro
675 3077 803 3140 tanum
831 3097 942 3158 penore
974 3097 1011 3141 eu
1045 3081 1095 3142 lere
1124 3098 1190 3142 csse
1210 3079 1339 3154 ornetur,
1364 3095 1462 3158 quam

425 3178 646 3260 cbropomue?
676 3179 786 3262 quid?
819 3186 920 3244 octos
951 3185 1059 3264 repta
1085 3185 1134 3245 lca
1165 3185 1264 3246 esbaal
1294 3201 1366 3244 cum
1388 3183 1462 3262 ipsa

426 3281 501 3346 urbe
522 3289 601 3346 nata
623 3290 689 3360 arat,
711 3285 797 3366 qarod
812 3286 983 3348 secundnm
1000 3292 1053 3363 eal,
1071 3285 1112 3348 ab
1129 3288 1309 3350 decemvirale
1327 3285 1373 3347 nd
1390 3304 1461 3346 corn·

427 3387 530 3449 denda
552 3389 626 3450 iura
648 3391 760 3450 wratis
781 3391 815 3450 ire
837 3389 997 3452 duodecim
1019 3389 1134 3453 tabulis
1155 3393 1292 3471 acceptu,
1315 3391 1381 3452 sine
1398 3409 1463 3471 pua

425 3511 498 3553 cum
530 3492 667 3576 maiores
698 3494 800 3555 riustri
831 3511 895 3554 non
921 3495 1145 3570 connumerent,
1173 3495 1266 3557 (lecara
1287 3495 1464 3557 matronale

324 3633 326 3636 -
424 3597 548 3658 seruari
560 3579 666 3675 paese,
688 3593 777 3658 occis
798 3615 919 3677 quoquc
939 3599 1110 3660 verendum
1132 3600 1180 3673 eit,
1198 3617 1236 3660 oc
1253 3617 1326 3662 carue
1345 3617 1382 3662 eu
1393 3617 1462 3678 pu·

425 3699 531 3762 dorem
553 3699 808 3780 eunomianique
828 3701 1025 3772 feminarum
1048 3701 1279 3784 ubropcmus?“
1325 3733 1327 3736 ·

729 3953 908 4041 XXXIV,
933 3954 974 4042 o,
998 3955 1053 4027 10.

407 4112 484 4180 God.
508 4113 617 4180 Bamb.
640 4114 791 4198 praebet:

497 4221 605 4301 „Nam
637 4225 667 4284 si
696 4223 758 4284 iata
790 4223 839 4284 lex
869 4229 942 4286 aut
973 4225 1040 4286 ideo
1073 4225 1141 4287 latu
1169 4230 1257 4302 esaei,
1289 4232 1327 4288 ul
1347 4228 1464 4306 finiret
