3302 4956
848 429 890 501 42

387 643 446 712 His
460 643 559 729 igitur
572 643 676 714 causis
691 651 921 730 argumentum,
937 646 1023 731 quod
1034 645 1311 716 Weissenbornius
1327 649 1437 713 contra

299 749 495 834 Madvigium
515 751 658 834 protudit,
680 771 744 820 non
766 753 844 820 satis
866 751 992 820 firmum
1021 771 1092 820 esse
1113 771 1301 839 persuasum
1323 751 1435 820 habeo.

386 855 449 924 Sed
461 876 502 925 ne
519 857 733 926 coniecturam
751 857 888 943 quidem,
911 877 1005 943 quam
1028 857 1082 928 iile
1102 857 1184 940 iecit,
1205 859 1342 943 probare
1363 876 1436 941 pos·

300 979 380 1044 sum,
403 963 488 1048 quia,
509 967 546 1029 ιιι
560 963 716 1046 omittam,
738 963 904 1032 librarium
923 963 1078 1032 vocabula
1099 987 1180 1051 quaa
1196 968 1252 1031 sut
1268 970 1346 1050 quob
1367 981 1436 1030 cum

300 1073 414 1153 pruinae
435 1068 522 1136 baud
554 1068 648 1136 facile
678 1075 834 1154 mutasse,
866 1071 968 1154 ipsam
990 1069 1135 1138 vocabuli
1157 1076 1269 1156 puppa
1290 1072 1450 1136 naturam·

299 1172 374 1240 huic
407 1173 476 1240 loco
512 1193 690 1258 repugnare
725 1173 907 1258 Madvigius
942 1175 1107 1258 praeclare
1144 1174 1322 1241 ostendisse
1361 1171 1438 1238 mihi

300 1278 424 1344 videtur
447 1278 554 1346 dicens
576 1280 608 1344 in
627 1280 749 1348 emend.
768 1279 835 1348 Liv.
852 1297 923 1363 pag.
937 1278 1022 1347 496:
1044 1281 1120 1363 „sed
1142 1286 1256 1366 pompe
1276 1295 1438 1360 nunquam

300 1383 346 1448 sie
367 1383 497 1464 ponitur
518 1382 609 1452 initio
625 1384 693 1451 eius
708 1384 893 1466 sententiae,
916 1403 999 1468 quae
1021 1385 1139 1452 ironice
1160 1382 1301 1468 fingitur,
1322 1399 1438 1468 repug-

300 1492 397 1554 nante
417 1487 487 1570 ipsa
509 1488 657 1556 vocabuli
676 1493 792 1556 natura
813 1487 855 1556 ab
877 1488 1103 1572 interrogando
1125 1494 1216 1572 orta3
1243 1488 1349 1574 posito
1371 1486 1439 1568 ipso

299 1591 362 1671 illo,
385 1594 468 1676 quod
482 1593 641 1662 irridendo
655 1592 793 1678 fingitur,
813 1594 968 1662 subicitur
980 1612 1051 1661 cum
1066 1593 1185 1661 ironica
1198 1591 1439 1686 affirmatione·“

385 1697 528 1782 Madvigi
550 1699 749 1766 emendatio:
773 1723 892 1787 ‚gaam
901 1699 1005 1767 asdod
1019 1700 1121 1782 magis
1140 1698 1268 1783 quidem
1279 1696 1436 1777 convenit,

300 1801 329 1868 si
351 1806 475 1868 tontum
497 1803 632 1870 traditas
654 1804 815 1872 litterulas
836 1804 980 1891 respicio,
1004 1803 1060 1870 sed
1085 1803 1180 1869 aliter
1201 1819 1254 1868 res
1276 1819 1312 1869 se
1334 1799 1439 1881 habet,

299 1907 327 1973 si
348 1927 446 1991 porro
463 1907 650 1994 prospicias.
672 1927 747 1974 nom
760 1907 815 1975 nbi
829 1909 967 1992 primum
984 1909 1217 1990 interrogatum
1231 1910 1289 1988 est,
1311 1923 1352 1973 ex
1369 1909 1440 1970 utro

268 2073 274 2092 ,
299 2030 416 2095 genere
438 2013 493 2078 lex
515 2016 608 2094 esset,
632 2018 879 2080 consentaneum
900 2013 1036 2096 videtur,
1066 2017 1224 2079 oratorem
1246 2011 1441 2097 respondere
1528 1993 1537 2006 “

299 2117 394 2201 idque
415 2118 470 2200 ita,
493 2121 530 2184 ut
551 2137 592 2185 ne
613 2118 801 2186 vocabulum
820 2129 906 2186 octos
928 2119 1054 2202 quidem
1073 2137 1111 2184 ex
1132 2136 1285 2205 responso
1310 2116 1441 2183 tollatur

299 2241 358 2289 nec
390 2223 423 2287 in
453 2222 751 2306 interrogationem,
785 2223 841 2290 ubi
870 2225 996 2310 pondus
1025 2223 1114 2291 verbi
1148 2224 1244 2311 piene
1277 2222 1440 2302 minuitur,

299 2325 456 2392 trabatur.
481 2327 515 2392 in
537 2326 688 2394 lectione:
710 2351 830 2415 „poam
852 2328 981 2395 octasi“
1016 2327 1091 2410 quia
1112 2331 1187 2410 post
1208 2326 1292 2393 hauc
1314 2327 1441 2393 demum

299 2431 582 2513 interrogationem
604 2431 825 2515 respondetur,
855 2430 924 2499 voci
945 2441 1030 2500 cenas
1052 2450 1116 2499 non
1138 2431 1201 2498 iam
1222 2454 1322 2498 soora
1344 2448 1441 2515 oppo-

299 2536 404 2619 nitur,
440 2535 497 2602 sed
527 2555 685 2603 summum
716 2537 880 2604 vocabulis
902 2544 991 2624 rapsa
1013 2541 1046 2603 et
1066 2561 1089 2604 a
1111 2542 1292 2604 deeanoivu's
1313 2542 1441 2620 wopau,

300 2642 345 2707 ita
366 2645 403 2707 ιιι
424 2641 487 2707 tris
509 2641 564 2708 illa
583 2642 726 2709 membra
752 2665 889 2726 „oooas,
922 2649 1027 2729 repca,
1058 2666 1081 2709 a
1102 2647 1282 2710 decemuiros
1304 2639 1442 2726 sarpid‘

301 2744 434 2811 circuitu
464 2745 552 2812 verbi
581 2755 667 2812 cedrus
699 2745 1006 2832 comprehendantur
1036 2750 1068 2813 ct
1098 2746 1191 2830 quasi
1216 2750 1326 2832 partes
1349 2763 1442 2812 voco·

300 2848 367 2914 buli
389 2858 475 2915 octoas
496 2854 681 2935 appareant.
717 2849 792 2918 huic
823 2855 929 2918 autem
952 2855 1132 2918 structurae
1163 2849 1225 2916 hoc
1246 2867 1371 2933 quoque
1391 2867 1442 2914 re·
1517 2893 1520 2898 -

299 2957 430 3040 pugnat,
453 2955 538 3036 quod
561 2973 654 3037 quern
677 2955 781 3023 locum
813 2957 975 3024 adnotatio
997 2959 1115 3039 „Fadio
1138 2965 1166 3022 et
1192 2959 1235 3022 Ti.
1255 2959 1443 3042 Sempronio

300 3061 479 3124 consulebas
500 3064 612 3145 uiginti
630 3069 703 3126 aaa
723 3067 820 3128 anuis
841 3061 965 3128 dztam“
994 3061 1080 3147 apud
1110 3079 1217 3127 vocem
1249 3082 1367 3126 nocam
1388 3059 1442 3124 ob·

299 3161 391 3244 tinet,
414 3162 549 3229 eundem
573 3163 643 3231 dico
666 3164 699 3231 id
718 3167 768 3231 est
787 3164 998 3251 appositionis
1020 3166 1124 3231 locum
1143 3164 1230 3248 apud
1252 3162 1440 3230 vocabulum

299 3275 384 3334 actas
405 3267 468 3332 duo
491 3267 590 3334 verba
612 3274 707 3354 repra,
729 3273 943 3336 decemvirales
965 3271 1082 3336 tenere.

388 3371 540 3451 Quaestio
562 3371 661 3455 igitur
683 3377 740 3456 est,
764 3391 857 3456 quem
880 3372 1074 3439 admodum
1097 3372 1200 3439 oratio
1223 3370 1444 3439 constituenda

301 3475 359 3558 sit,
382 3480 503 3543 utnon
526 3476 618 3543 modo
641 3477 692 3561 id,
725 3477 978 3560 qundoquidem
1000 3476 1178 3563 postulavi,
1212 3475 1352 3558 accidat,
1386 3477 1442 3542 sed

301 3582 397 3647 etiam
420 3601 464 3661 ea,
487 3600 569 3665 quoe
590 3583 811 3664 traditiosam,
834 3601 930 3665 quom
948 3582 1087 3649 maxime
1108 3582 1340 3649 observentur?

388 3685 481 3765 Quod
495 3687 646 3770 consequi
658 3686 736 3752 mihi
750 3687 861 3754 videor
871 3687 1000 3770 legens:
1022 3711 1081 3769 „ac
1098 3695 1169 3753 adro
1186 3692 1313 3753 {aradam
1333 3711 1445 3772 ponera

300 3802 346 3860 est
365 3797 424 3875 lea,
446 3815 544 3876 proava
566 3795 783 3878 abrogamus?
814 3796 931 3878 qaid?
963 3800 1049 3858 cetos
1070 3797 1159 3878 vepria
1181 3797 1231 3858 lec
1252 3797 1350 3859 sinuat
1370 3815 1444 3858 cum

301 3903 372 3982 ipsa
386 3899 460 3964 urba
471 3906 559 3979 nata,
581 3906 639 3964 aat
652 3901 738 3983 qaod
757 3901 928 3964 secundum
944 3907 997 3980 cst,
1008 3920 1031 3963 a
1044 3901 1225 3964 &comecias
1240 3895 1381 3981 εινὶρια(ι
1393 3929 1444 3978 -,

302 4021 396 4084 quam
418 4000 586 4070 lectionem
601 4001 694 4068 valde
709 4019 779 4068 sum
801 4002 944 4086 miratus,
966 3999 1443 4068 cumineditioncBasii.1539

107 4120 110 4127 ·
208 4155 210 4161 ·
301 4106 364 4173 ium
387 4124 459 4172 esse
479 4105 627 4173 viderem.

390 4212 477 4278 Haec
508 4211 687 4278 emendatio
709 4229 773 4278 non
795 4209 898 4278 solum
919 4210 1024 4298 textui
1050 4209 1169 4277 trudito
1192 4227 1257 4275 nun
1278 4211 1445 4294 repugnat,
