3302 4956
711 334 920 486 gre„

234 615 297 662 non
319 595 486 678 intellego,
519 613 574 662 cur
595 595 706 663 Livius
738 596 845 663 subito
868 596 909 663 ab
932 594 1182 679 interrogatione
1203 596 1245 661 ad
1266 613 1376 662 narra-

234 703 353 768 tionem
375 700 551 781 transierit,
583 705 616 766 at
637 719 827 785 quamquam
850 701 946 768 etiam
968 701 1001 767 in
1022 698 1176 768 vocabulo
1198 723 1308 786 nempe
1328 701 1376 766 in-

234 808 360 874 terdum
382 803 569 888 significatio
586 805 815 896 interrogativa
832 805 928 886 inest,
950 807 1057 872 tamen
1079 803 1133 870 hic
1153 822 1218 870 non
1231 809 1375 892 apparet,

235 931 291 978 our
312 914 425 978 auctor
446 914 513 976 tam
535 909 718 992 languidam
742 929 850 978 vocem
883 911 1047 996 posuerit,
1082 910 1270 994 praesertim
1303 928 1374 976 cunr

235 1019 268 1081 et
288 1016 321 1081 in
342 1013 603 1082 antecedentibus
626 1018 660 1080 et
679 1015 939 1098 insequentibus
961 1015 1122 1101 particula
1136 1037 1240 1083 nonne
1253 1017 1374 1081 utatur.

234 1120 380 1204 equidem
403 1137 474 1184 cum
498 1118 627 1212 Dukero
650 1123 683 1184 et
704 1115 968 1186 Weissenbornio
994 1119 1158 1206 suspicor,
1187 1118 1375 1185 uocabulum

233 1247 345 1310 nempe
366 1227 551 1308 corruptum
572 1227 605 1290 et
626 1246 730 1291 nonne
751 1223 985 1291 restituendum
1008 1242 1097 1306 esse3
1128 1228 1160 1291 et
1181 1223 1243 1291 hoc
1264 1228 1376 1290 teneus

233 1329 313 1410 dico,
328 1329 520 1414 particulam
537 1351 647 1412 nempe
665 1347 793 1400 causam
812 1327 921 1412 luisse,
942 1333 980 1395 ut
996 1332 1065 1396 tota
1086 1328 1244 1396 sententia
1264 1327 1375 1394 uerbo·

232 1453 367 1517 rumque
384 1434 462 1501 ordo
479 1432 732 1519 perturbaretur.
756 1434 832 1518 quid
849 1434 919 1500 itai
943 1433 1018 1517 quia
1037 1433 1282 1518 interpolatores
1305 1451 1375 1500 sen-

234 1539 314 1606 sisse
344 1537 422 1604 mihi
454 1538 617 1617 videntur,
648 1537 824 1604 orationem
853 1537 899 1604 sic
929 1538 1154 1604 constitutam:
1184 1543 1273 1621 „e'om
1301 1539 1376 1604 ande

233 1653 327 1729 copto
349 1667 372 1710 a
398 1647 509 1722 Gaea,
536 1664 665 1721 aarum,
692 1665 753 1728 qno
775 1646 937 1728 redempto
958 1644 1034 1708 orda
1055 1651 1106 1720 est,
1126 1663 1236 1726 nempe
1257 1650 1375 1708 matru-

232 1771 294 1816 noe
317 1748 383 1814 ...“
406 1745 489 1812 male
512 1748 545 1812 et
566 1744 717 1830 languide
737 1747 920 1834 procedere,
944 1746 1092 1832 suspicor
1114 1764 1168 1813 eos
1189 1744 1305 1813 iecisse
1327 1745 1375 1811 in-

233 1851 482 1935 terrogetionem
512 1855 601 1934 ‚pam
622 1853 700 1917 unte
721 1860 817 1937 copto
838 1874 861 1918 a
886 1855 1001 1933 Gallia,
1031 1873 1094 1936 qno
1115 1855 1276 1935 redempta
1297 1853 1374 1917 ardo

233 1959 322 2025 Μ(
335 1989 371 2002 -
383 1973 479 2038 quam
497 1954 657 2022 sententia
672 1953 862 2022 affirmativa
879 1957 1083 2038 sequeretur:
1104 1977 1238 2040 „nempe
1255 1977 1374 2022 aarum

232 2071 480 2129 matronae
499 2059 727 2140 contulerunt,“
745 2059 800 2126 ubi
822 2057 927 2126 etiam'
939 2059 1127 2137 vccabulum
1148 2083 1259 2145 nempe
1281 2078 1375 2126 suum

233 2166 338 2233 locum
360 2165 527 2232 obtineret.
566 2169 706 2230 ceterum
737 2183 808 2230 curn
829 2164 954 2231 Liuium
976 2183 1040 2231 nou
1062 2164 1189 2231 credam
1223 2163 1375 2232 minuisse

234 2271 297 2336 vim
322 2270 515 2338 narrationis
538 2270 713 2337 variandae
742 2269 894 2336 orationis
927 2288 1042 2352 causa,
1071 2268 1153 2336 hanc
1186 2270 1375 2356 scripturam

232 2394 296 2442 non
317 2394 448 2462 possum
471 2375 689 2462 comprobare.

318 2480 409 2560 Quae
431 2498 503 2546 cum
526 2479 573 2546 ita
594 2480 660 2546 sint
681 2480 852 2548 observans
877 2478 992 2546 codicis
1014 2479 1143 2562 Rama,
1168 2478 1229 2562 'qui
1252 2479 1382 2546 aoniae

233 2591 325 2652 turae
346 2603 434 2652 meae
456 2585 632 2668 succurrit,
662 2586 832 2671 probatam
853 2585 1078 2652 auctoritatem
1100 2603 1214 2653 censeo
1237 2581 1373 2652 scriben-

233 2692 308 2757 dum
331 2707 417 2756 esse:

387 2799 482 2875 „Iam
510 2797 587 2862 orde
616 2806 710 2879 caprio
739 2817 761 2862 a
787 2799 904 2878 Gallia,
934 2819 1084 2878 crurum,
1114 2816 1185 2882 qao
1215 2801 1374 2880 redempta

336 2901 411 2964 orbs
428 2907 481 2982 eat,
497 2922 624 2984 ‘morene
641 2908 806 2967 matronae
823 2922 978 2968 conamen
995 2905 1139 2966 omnium
1160 2905 1194 2965 in
1207 2902 1374 2984 publicum

335 3004 576 3073 contulerzerzii“

655 3262 835 3350 XXXIV,
859 3263 893 3348 6,
917 3262 950 3337 7.

318 3425 396 3492 Ood.
419 3425 531 3492 Bamb.
554 3423 706 3509 proebet:

387 3535 456 3608 „En
483 3514 565 3596 ‘retro'
584 3532 710 3595 tandem
739 3551 850 3615 yenere
880 3552 918 3596 ee
943 3535 993 3596 len
1014 3551 1079 3596 eece
1109 3533 1243 3618 cedetne,
1273 3554 1372 3615 qnam

334 3639 554 3722 adroqomoe?
579 3656 679 3722 qaae
700 3642 785 3700 cetos
807 3639 895 3720 nepio
919 3641 970 3701 lene
991 3639 1090 3700 armni
1109 3657 1183 3700 cnm
1204 3640 1277 3719 moa
1299 3640 1374 3703 rende

334 3749 414 3807 mota
431 3747 516 3820 ant,
537 3743 622 3824 quod
636 3742 808 3805 necandam
826 3747 878 3819 est,
900 3741 941 3806 ob
963 3743 1124 3805 decemim'e
1145 3743 1192 3804 od
1211 3743 1373 3806 condenda

335 3850 410 3911 inno
431 3847 543 3910 erectis
565 3847 599 3909 c'n
621 3847 783 3911 dnorteeim
808 3846 923 3910 tobalea
944 3848 1076 3928 ammte,
1108 3849 1176 3909 aine
1205 3849 1271 3931 quc
1300 3868 1372 3912 oum

335 3953 473 4016 maiorer
502 3955 603 4014 noaim'
628 3970 693 4014 non
719 3954 966 4016 emedmaoerr'nt
993 3953 1086 4016 deam
1105 3955 1283 4017 matronale
1304 3972 1372 4016 ser-

335 4059 410 4118 vam'
439 4074 550 4136 pocae,
589 4055 679 4119 nodis
709 4076 829 4140 pemque
860 4058 1028 4120 verendum
1060 4059 1118 4132 sit,
1161 4076 1200 4120 ne
1230 4077 1304 4121 cnm
1334 4079 1372 4123 ea

329 4161 488 4242 pudorem
509 4162 764 4245 aanenlotemqne
776 4164 983 4245 femmarum
1004 4159 1232 4246 adroqemoet“
