3302 4956
827 413 1034 526 AS...

362 623 422 718 ert,
442 635 477 702 ct
498 628 856 734 immurmurare}
885 637 926 706 de
947 635 1113 720 exemplis,
1134 651 1216 720 quse
1236 636 1393 722 protulit,
1419 635 1501 706 inira
1626 635 1627 656 ¹

360 740 483 821 aratra

427 839 541 936 *Hunc
568 841 674 920 locum
704 842 802 930 piore
822 851 1150 931 corruptum-sanare
1177 844 1317 914 conabor
1345 846 1500 931 arripiens
1627 850 1628 908 i

361 946 500 1032 primum
513 948 904 1048 verbe„uciouspide3uti
921 957 1098 1020 mmmmm
1117 956 1224 1038 plodio
1246 959 1294 1018 oti
1312 952 1449 1038 possets
1467 953 1501 1018 in

362 1051 477 1134 quibus
489 1055 716 1124 constituendis
725 1057 918 1132 recentiores
930 1074 1046 1140 magno
1058 1073 1155 1140 opere
1163 1057 1247 1125 inter
1258 1074 1296 1124 se
1307 1057 1501 1139 discrepant.

448 1156 616 1242 Henciusc
639 1160 750 1243 ,pomi
763 1166 813 1226 mi
828 1161 969 1244 cuspide,
986 1167 1035 1228 uti
1048 1160 1224 1234 comminus
1243 1159 1348 1243 giudic
1367 1159 1503 1244 possem

447 1260 645 1346 movimus
669 1266 744 1346 ‚subi
762 1270 811 1331 uti
831 1264 1142 1350 trepidemus.
1165 1265 1219 1348 p.“
1410 1285 1412 1295 ¹
1453 1293 1454 1298 ¹

448 1364 726 1436 weirersbomius
748 1368 768 1435 i.
792 1368 869 1436 edit
890 1369 1040 1440 Weidm:
1069 1372 1125 1438 oti
1152 1369 1282 1453 cuspide
1303 1375 1352 1436 mi
1369 1379 1399 1438 et
1417 1387 1503 1436 cont-

361 1469 467 1540 minus
489 1471 600 1556 gladio
618 1477 755 1557 possets
779 1493 861 1558 quoe
883 1478 917 1544 et
937 1475 1058 1544 Luchsi
1077 1474 1172 1544 lectio
1194 1481 1252 1542 est.

588 1621 592 1630 ·
631 1639 633 1654 ἦ
664 1634 666 1643 .
784 1580 807 1647 i.
831 1577 906 1648 edit
930 1579 1049 1647 secun.
1072 1579 1151 1663 legit
1171 1580 1200 1647 is
1220 1597 1291 1645 cum
1403 1609 1406 1614 ·

337 1679 340 1686 ’
448 1680 665 1754 Alschefskio:
693 1693 741 1767 „et
760 1694 805 1768 ui,
827 1687 883 1752 ,udi
900 1691 936 1752 im
955 1707 1023 1752 rem
1038 1691 1218 1770 permissus
1238 1690 1288 1752 ati
1307 1683 1438 1766 cuspide
1458 1689 1505 1749 oti

362 1786 535 1858 comminus
565 1789 672 1872 gladio
702 1791 849 1873 posset;“
884 1807 1020 1874 quarum
1049 1790 1191 1860 omnium
1213 1789 1441 1874 scripturarum
1461 1804 1502 1853 ne

362 1905 458 1958 unam
480 1893 607 1975 quidem
629 1891 708 1960 mihi
728 1894 859 1977 probari
881 1894 994 1964 fatcor.
1021 1929 1059 1942 -
1083 1895 1160 1978 quid
1176 1894 1292 1977 igitur,
1315 1892 1441 1976 regesi
1475 1929 1478 1938 .

449 1994 503 2062 Me
524 1997 653 2080 quidem
673 1996 1156 2081 repetituvocabuluuti-—uti
1176 1999 1354 2079 admonent,
1377 1995 1499 2062 Livium
1631 2011 1632 2090 ζ

363 2095 513 2175 hocloco
535 2099 648 2170 iecisse
660 2101 866 2185 anaphoram,
888 2120 950 2186 qua
969 2103 1010 2169 de
1022 2120 1057 2169 re
1074 2103 1220 2186 quaestio
1243 2108 1301 2184 est,
1321 2119 1393 2168 eum
1409 2116 1499 2166 coeu-
1631 2097 1632 2100 ’

363 2202 473 2272 bulum
487 2210 537 2272 mi
547 2223 605 2288 per
627 2223 700 2274 sese
717 2214 776 2276 aut
795 2203 927 2277 uerbum
948 2211 1006 2274 cut
1026 2207 1186 2291 particule
1207 2225 1278 2275 esse
1298 2205 1409 2289 possit,
1429 2207 1503 2269 utra
1632 2207 1633 2256 i

363 2327 442 2394 voce
462 2327 541 2378 usus
563 2310 700 2395 scriptor
720 2311 802 2380 illud
823 2315 989 2386 assecutus
1009 2312 1064 2382 sit.
1304 2369 1306 2376 .

451 2414 560 2496 Vacca,
583 2415 698 2498 quibus
717 2415 791 2484 talis
809 2415 914 2501 figura
932 2413 1074 2494 efficitur,
1094 2415 1162 2483 dico
1181 2413 1337 2498 equidem,
1360 2411 1503 2495 aliquan
1633 2479 1634 2500 ,

364 2521 433 2588 tum
453 2520 604 2604 ponderis
626 2514 1016 2606 haberesententiamque
1032 2521 1135 2604 magis
1154 2519 1354 2604 perspicuam
1371 2517 1504 2584 reddere
1633 2509 1634 2524 ³

364 2622 477 2692 solere.
511 2627 656 2692 nostrum
676 2625 776 2708 igitur
797 2626 901 2694 iocum
923 2627 952 2694 si
972 2629 1173 2711 perscrutor,
1204 2623 1312 2690 Livius
1333 2621 1504 2705 imaginem

364 2727 468 2812 proeli
490 2727 707 2813 descripturus
738 2749 842 2815 neque
862 2728 990 2798 finalem
1012 2727 1202 2814 porticulum
1223 2732 1289 2808 ori,
1309 2744 1414 2810 neque
1435 2745 1505 2794 ver·

365 2831 443 2916 huna
463 2839 513 2900 uti
534 2835 717 2919 sumpsisse.
740 2835 819 2914 misi
849 2835 983 2902 videtur.
1028 2834 1140 2923 quidni
1169 2831 1356 2916 sumpserit,
1388 2829 1504 2914 roges?

365 2937 504 3020 protasis
526 2939 741 3023 comparativa
762 2938 812 3026 (m
833 2976 871 2989 ·-
896 2939 956 3024 ita)
989 2940 1191 3007 coniecturae
1221 2937 1260 3004 de
1281 2934 1440 3020 particula
1459 2939 1508 2999 oti

365 3041 416 3110 his
438 3044 574 3128 repetita
594 3045 733 3112 maxime
750 3049 914 3134 repugnat,
937 3045 1048 3134 quiin
1070 3045 1128 3111 taii
1146 3062 1182 3110 re
1200 3041 1311 3125 optimi
1332 3042 1503 3122 scriptores

366 3151 631 3232 quemadmodum
666 3187 704 3198 —
737 3154 782 3218 ita
807 3137 1011 3234 praeferunt,
1042 3149 1141 3216 verbo
1173 3153 1223 3214 mi
1251 3150 1357 3213 autem
1387 3142 1504 3223 obstat,

367 3250 452 3333 quod
473 3251 562 3318 velut
582 3249 747 3320 fortuitum
769 3273 841 3320 cum
862 3253 1006 3338 quolibet
1033 3252 1096 3321 aiio
1126 3251 1196 3319 eius
1216 3247 1342 3333 genens
1365 3265 1505 3313 commn-

367 3353 503 3422 tandum
523 3354 641 3425 nuliius
664 3359 814 3426 momenti
836 3359 950 3426 estad
972 3355 1166 3428 afferendam
1187 3352 1385 3422 sententiam.

456 3458 548 3542 Quae
563 3480 635 3528 cum
656 3461 704 3531 ito
725 3463 798 3546 sint,
818 3468 984 3532 auctorem
1000 3481 1065 3530 non
1086 3467 1165 3546 puto
1187 3458 1352 3542 scripsisse
1374 3457 1436 3524 duo
1450 3459 1502 3534 mi,

368 3563 426 3632 sed
448 3563 511 3631 duo
533 3567 597 3648 odi,
619 3565 734 3649 quibus
754 3566 921 3651 particulis
937 3567 1051 3635 modus
1068 3570 1234 3647 statusque
1255 3561 1502 3647 proelireprue·

368 3673 525 3742 sectatur.
557 3669 681 3738 accedit
708 3671 794 3755 quod
826 3671 937 3740 Livius
967 3670 1118 3756 periodos
1140 3665 1428 3736 duobusreletivis
1449 3680 1505 3730 seu

368 3773 606 3859 pronominibus
629 3794 687 3843 seu
707 3776 873 3861 particulis
895 3777 1030 3843 libenter
1052 3773 1215 3851 construit,
1238 3778 1292 3840 ut:
1314 3770 1349 3853 11,
1371 3769 1422 3845 20,
1447 3766 1505 3832 13:

368 3914 413 3941 -.-
433 3877 594 3960 „dictator
612 3916 650 3928 -
670 3881 796 3948 vovisse
815 3880 918 3956 femur
938 3898 977 3947 ae
998 3879 1220 3962 pronuntiasse
1239 3874 1335 3942 militi
1354 3872 1504 3956 praemia,

369 3991 426 4072 qui
443 3985 575 4069 primus,
596 3991 654 4071 qui
673 3987 832 4056 secundus
850 3990 960 4060 :emme
981 3985 1122 4053 hostium
1142 3979 1333 4064 intrassei;“
1353 3978 1388 4062 11,
1400 3975 1505 4056 sias:

370 4125 413 4148 -η
426 4089 603 4173 ,decessere
618 4090 660 4157 ad
673 4108 815 4174 pugnarn
827 4090 929 4175 primo
944 4091 1158 4184 obequitando
1232 4084 1506 4172 procurandoque,

369 4199 541 4281 postremo,
560 4199 597 4264 ut
610 4194 690 4264 nihil
703 4198 883 4282 movebunt,
898 4220 965 4284 qua
978 4196 1123 4270 consules
1137 4195 1237 4282 ipsos,
1254 4217 1321 4282 poa
1333 4187 1505 4260 executum
