3302 4956
613 438 766 568 stt

277 664 436 731 libidinem
465 663 661 743 muliebrem,
693 665 863 738 uerendum
886 646 991 747 soret,
1021 682 1068 726 ue¹
1088 661 1243 746 abrupere
1265 664 1317 726 irr-

277 766 417 832 eitarei.“

260 869 417 952 Vulgata:
449 887 546 950 „nam
567 868 597 935 si
619 869 683 938 ista
705 874 755 936 lec
777 875 844 938 adeo
865 869 934 947 ieta
963 869 1081 955 esset,“
1112 887 1194 954 quae
1223 868 1318 937 etiam

176 973 206 1038 in
229 974 304 1040 edit.
328 973 426 1040 Basil.
452 973 535 1038 1539
560 978 696 1040 exstant.

260 1077 440 1158 Madvigius
462 1077 645 1162 suspicatus
666 1087 724 1160 est,
748 1079 949 1164 adiectivum,
972 1099 1034 1166 quo
1049 1084 1192 1148 vetustos
1218 1080 1317 1146 conti·
1420 1167 1421 1172 ἵ

175 1187 311 1264 neretur,
334 1182 488 1248 omissum
511 1200 583 1248 esse
604 1182 757 1265 legitque:
791 1185 837 1266 „si
859 1186 923 1252 ista
944 1186 997 1252 lex
1021 1195 1080 1254 um
1101 1191 1232 1264 cudero
1261 1193 1319 1252 aut

174 1288 243 1352 ideo
271 1287 337 1352 lata
370 1287 492 1369 esset;“
525 1284 584 1352 hoc
616 1287 765 1372 probavit
786 1288 957 1372 Hertzius3
987 1287 1263 1362 Weissenborniua
1285 1287 1318 1352 in

175 1392 250 1458 adit.
273 1379 394 1457 Teubn.
417 1391 579 1472 vulgatam
601 1396 730 1458 secutus
755 1396 823 1475 est,
853 1393 887 1458 in
909 1393 985 1460 adit.
1008 1392 1141 1459 Weidu.
1175 1411 1214 1458 ex
1244 1391 1318 1458 Ald.

174 1494 294 1580 recepit
316 1505 394 1578 „unt
414 1516 466 1562 xx
493 1497 565 1562 ideo
589 1496 654 1562 lata
681 1481 787 1564 esset“
810 1497 981 1566 adnotans:
1012 1499 1092 1581 „der
1113 1497 1223 1564 aueita
1244 1497 1318 1562 Dis·

171 1599 369 1681 junktivsatz
391 1601 515 1690 scheint
537 1599 734 1683 ansgeiallen
756 1621 796 1666 zu
819 1603 906 1685 seiu;
941 1602 1126 1670 sohucrlich
1158 1619 1224 1668 war
1246 1601 1318 1667 der·

175 1703 261 1770 aethe
281 1715 339 1772 uui
359 1712 501 1784 aurr‘ouu,
524 1706 566 1772 da
587 1706 690 1773 dieses
709 1707 768 1772 mit
784 1712 954 1774 uerendum
966 1715 1057 1792 foret
1073 1711 1130 1775 ctr.
1157 1707 1190 1773 in
1208 1704 1318 1774 keiner

174 1807 355 1892 Beziehung
379 1811 524 1876 standaf‘

263 1913 348 1980 Huic
378 1914 523 1998 equidem
558 1916 736 1983 sententiaa
768 1935 832 1983 non
856 1915 1029 1983 consentio.
1076 1915 1211 2002 exposui
1234 1916 1317 1984 enim

175 2017 238 2082 iam
261 2022 364 2098 antea,
386 2018 472 2102 leges
495 2038 559 2085 non
581 2019 680 2086 dividi
702 2021 734 2085 in
756 2025 953 2088 necessarius
976 2029 1009 2087 et
1025 2027 1193 2106 fortuitus,
1210 2022 1268 2088 sed
1285 2022 1318 2087 in

173 2133 282 2190 netues
311 2130 344 2189 et
374 2146 490 2199 uonna,
525 2142 619 2206 qnam
652 2125 821 2191 rationem
838 2124 915 2207 quia
947 2124 1223 2192 Weissenbornius
1253 2143 1316 2194 non

174 2227 297 2311 probat,
320 2227 422 2292 denuo
446 2246 509 2293 non
530 2221 871 2314 permittereridetur,
898 2229 984 2296 facili
1001 2229 1179 2298 mutatione
1196 2234 1318 2298 textum

174 2330 308 2396 restitui.
331 2331 508 2398 cumcuim
531 2331 628 2413 dicat,
650 2331 736 2414 leges
759 2334 957 2400 necessarias
989 2338 1022 2400 et
1042 2332 1191 2400 fortuitas
1214 2351 1234 2400 a
1257 2333 1318 2400 Va·

174 2433 253 2500 lario
275 2435 441 2521 appellari,
463 2455 526 2502 nou
550 2435 707 2517 concedit,
742 2434 803 2502 hoe
835 2435 903 2502 loco
933 2436 1035 2520 legem
1058 2437 1214 2507 nominari
1235 2444 1318 2505 nuti·

174 2555 271 2616 quanm
294 2539 355 2621 „da
377 2539 482 2606 dieses
504 2540 563 2605 mit
585 2539 758 2606 verendum
776 2539 860 2607 foret
880 2544 939 2609 etr,
959 2540 991 2606 in
1009 2541 1119 2608 keiner
1136 2541 1318 2624 Beziehung

175 2642 322 2709 stiinde.“
367 2647 399 2709 et
421 2643 449 2709 si
471 2645 678 2710 concederem
700 2644 856 2712 eiusmodi
877 2645 1095 2730 partitionem,
1110 2651 1226 2734 tamen,
1245 2664 1317 2714 cum

174 2749 237 2814 iam
259 2747 292 2813 in
314 2752 475 2814 vetustata
495 2748 576 2831 legis
595 2751 804 2831 contineatur,
824 2767 893 2816 earn
911 2750 1123 2816 necessariam
1144 2750 1318 2832 essequa

173 2852 261 2933 leges
278 2857 404 2919 veteres
421 2853 454 2919 id
472 2857 522 2918 est
539 2852 647 2934 regiae
665 2857 698 2918 et
715 2852 941 2920 decemvirales
958 2853 1115 2920 eiusmodi
1132 2859 1233 2937 erant,
1248 2855 1317 2920 sine

174 2954 289 3038 quibus
312 2955 489 3041 respublica
501 2956 662 3032 uideretur
679 2960 825 3023 constare
845 2975 908 3023 non
930 2975 1035 3042 posse,
1057 2976 1093 3025 re
1108 2976 1185 3026 vera
1207 2975 1317 3026 veren-

174 3059 250 3124 dum
272 3065 366 3142 esset,
389 3079 430 3126 ne
451 3060 603 3142 abrogata
625 3060 775 3128 incitaret
796 3061 972 3130 libidinem.

260 3165 384 3230 Deinde
406 3183 444 3230 ex
466 3164 588 3246 verbis,
622 3183 703 3248 quae
726 3165 744 3248 ξ
767 3165 788 3229 8
811 3170 844 3232 et
865 3165 884 3248 §
908 3171 926 3230 9
950 3165 1163 3248 praecedunt,
1193 3166 1317 3251 perspi·

175 3286 269 3333 cuum
291 3274 349 3352 est,
372 3269 484 3352 legem,
508 3268 547 3334 de
565 3287 629 3351 qna
642 3270 758 3352 agitur,
782 3289 847 3336 uon
865 3287 934 3336 esse
948 3274 1097 3352 veterem,
1119 3270 1176 3336 sed
1193 3288 1316 3348 novam,

145 3409 149 3416 ·
175 3378 208 3436 et
230 3373 332 3438 oratio
354 3373 430 3439 inda
451 3373 649 3458 producitur.
671 3373 781 3440 Livius
802 3375 901 3457 igitur
918 3374 1032 3441 relicta
1055 3376 1095 3441 de
1115 3375 1195 3457 legis
1213 3379 1317 3442 aetate

175 3475 372 3559 quaestione,
395 3496 476 3561 quae
499 3475 517 3558 §
540 3475 560 3552 8
583 3481 617 3556 et
640 3482 658 3542 9
683 3478 830 3562 exposita
852 3484 937 3562 sunt,
968 3478 1101 3561 singulis
1124 3478 1229 3546 uerbis
1252 3497 1318 3546 am·

173 3582 288 3666 plexus
310 3599 410 3646 novas
432 3599 501 3663 res,
534 3584 572 3646 ut
604 3585 753 3647 naturam
786 3581 866 3664 legis
899 3587 1087 3665 cognoscat,
1120 3581 1316 3666 investigare

174 3691 276 3770 parat.
300 3704 400 3770 quare
421 3704 481 3770 par
499 3683 660 3752 essemihi
673 3684 807 3768 videtur,
830 3685 955 3754 Livium
979 3687 1201 3769 respicientem
1222 3703 1316 3772 prae-

175 3793 319 3859 cedentia
341 3790 462 3872 dicere,
496 3790 523 3858 si
545 3790 599 3856 lex
620 3799 722 3873 uetus,
753 3791 868 3858 idest
890 3791 982 3875 quasi
1002 3790 1244 3860 tundamentum
1267 3792 1315 3857 rei

173 3897 321 3980 publicae
343 3900 438 3978 esset,
461 3895 511 3962 vel
533 3895 646 3961 vitium
674 3895 864 3965 feminarum
891 3901 1026 3964 naturae
1057 3898 1187 3966 insitum
1208 3896 1274 3963 iarn
1296 3915 1316 3962 a

174 4000 330 4087 principio
352 4000 596 4086 opprimendum
617 4007 712 4086 esset,
734 4002 856 4072 seilicet
875 4001 1048 4069 verendum
1069 4001 1152 4086 iore,
1183 4021 1224 4068 ue
1243 4018 1315 4068 curn

173 4107 244 4188 lege
265 4103 420 4190 pudorem
445 4106 643 4189 abrogemus,
666 4107 695 4173 si
717 4126 793 4175 uero
809 4129 893 4174 nonu
915 4111 973 4192 est,
994 4108 1212 4192 quaerendum
1236 4124 1315 4194 esse,

174 4230 237 4294 qua
260 4211 300 4277 de
322 4228 419 4277 causa
441 4211 484 4276 sit
505 4211 589 4295 lata3
612 4230 685 4278 nam
707 4212 735 4281 si
756 4214 838 4299 ideo,
860 4215 897 4279 ut
918 4211 1023 4280 finiret
1043 4212 1216 4304 libidinem,
1238 4211 1314 4282 item
