3302 4956
801 445 842 521 35

250 658 418 744 XXXVII,
431 658 484 746 38,
500 667 519 728 7
527 679 537 727 t
555 667 729 750 ‚proelium
742 664 1047 746 sustinuerunl;“
1068 661 1237 750 XXXVII,
1266 669 1317 748 39,
1333 661 1394 733 132

249 771 498 850 „multrludinem
520 771 755 853 elephantorum
776 769 987 838 ειιείὶπαναιι
1009 807 1048 820 -
1069 767 1256 856 XXXVIII,
1278 771 1331 857 29,
1355 776 1394 839 9:

249 875 458 954 „noeiotonem
470 873 700 953 anelinur't,·“
716 870 905 959 XXXXIV‚
920 879 951 942 6:
966 881 1164 962 ‚populuum
1177 881 1339 963 aperiam
1351 889 1393 924 -’

249 983 411 1043 terroria
431 983 683 1043 sustinuisset
704 1013 757 1061 -,
778 977 839 1046 hoc
860 980 930 1046 Ioco
952 985 1059 1047 autem
1081 980 1115 1048 id
1147 980 1271 1064 agItur,
1305 983 1392 1048 viros

249 1082 402 1148 tenendas
423 1079 557 1148 feminas
580 1099 638 1148 suo
661 1086 805 1169 tempore
826 1103 890 1150 uon
913 1084 1089 1168 curavisse3
1112 1092 1145 1150 et
1165 1085 1264 1151 verbo
1279 1093 1391 1170 pono·-

248 1209 322 1252 mua
343 1192 511 1270 repugnat,
534 1186 620 1270 quod
643 1188 684 1253 ad
707 1205 834 1256 sensum
856 1207 921 1255 non
940 1190 1209 1256 accommodatum
1228 1208 1299 1258 esse
1316 1189 1393 1256 mihi

251 1290 378 1356 videtur
411 1291 605 1378 suspicanti,
639 1291 791 1360 Catonem
824 1312 889 1360 non
911 1294 1017 1376 queri,
1047 1294 1131 1360 viros
1163 1313 1227 1361 non
1249 1295 1393 1381 poluisse

249 1399 359 1463 tenere
388 1396 552 1479 mulieres,
585 1396 670 1479 quod
702 1399 754 1464 vix
787 1398 939 1466 credibile
971 1403 1033 1480 ast,
1065 1399 1123 1464 sed
1145 1399 1323 1482 neglexisse
1345 1400 1394 1465 uti

249 1507 386 1588 apparet
407 1502 486 1587 ex§
514 1508 547 1568 1:
570 1504 675 1587 „siin
707 1523 767 1572 sua
797 1505 932 1588 quisque
965 1511 1111 1574 nostrum
1142 1503 1393 1588 matrefamiliae,

248 1608 391 1693 quirites,
412 1610 463 1676 ius
482 1614 515 1676 et
531 1609 733 1677 maiestatem
750 1610 812 1677 viri
833 1611 972 1678 retinere
990 1617 1179 1693 innotuisset,
1198 1611 1302 1676 minus
1322 1627 1393 1675 cum

250 1714 410 1780 universis
446 1713 569 1781 leminis
603 1716 713 1799 negoti
741 1715 964 1783 haberemus,“
1007 1720 1040 1783 et
1071 1716 1146 1782 inde
1175 1716 1327 1799 sen’ptor,
1358 1716 1395 1778 ut

247 1818 327 1884 meis
349 1817 455 1885 verbis
478 1823 561 1902 utar,
584 1819 631 1886 sie
653 1837 787 1906 pergere
804 1819 885 1886 mihi
899 1821 1040 1888 videtur:
1062 1825 1140 1906 an'a
1157 1842 1212 1886 eoa
1229 1842 1294 1885 non
1316 1824 1392 1885 reli-

247 1928 596 2006 autoramentum
618 1929 805 1990 dominium
838 1926 964 1991 libertos
994 1933 1105 1990 nostra
1136 1933 1181 1990 eal
1210 1928 1393 2017 impotentia

247 2031 398 2111 mullebri,
420 2033 477 2096 aed
494 2034 562 2095 lam
584 2032 635 2094 ln‘o
656 2051 779 2116 quoque
800 2034 835 2095 in
846 2036 928 2114 foro
950 2031 1146 2096 obtutaret
1174 2032 1336 2104 colentur,
1367 2035 1395 2092 el

247 2155 321 2197 oum
355 2155 449 2198 auom
478 2139 608 2219 quolam
631 2139 798 2219 somenam
819 2139 925 2220 saorla
945 2139 1138 2200 continere
1154 2137 1321 2217 potuisset,
1342 2153 1394 2196 roa

246 2259 334 2302 nune
354 2241 401 2303 ad
422 2241 458 2303 ld
470 2244 627 2324 pomonal,
649 2248 685 2304 ut
704 2245 889 2322 uniuersas,
911 2245 1025 2326 quippe
1045 2242 1155 2304 mirone
1173 2242 1278 2324 sanilo
1299 2257 1393 2321 aupe-

247 2345 371 2408 randna
391 2345 586 2411 horreamus.
632 2344 729 2411 etiam
750 2344 940 2411 vocabulum
970 2349 1135 2410 horreum
1164 2348 1233 2408 tum
1266 2341 1393 2407 demum

247 2445 414 2513 convenire
431 2451 533 2533 puto,
556 2449 584 2515 si
607 2454 702 2517 antea
725 2449 845 2517 dietum
868 2454 927 2533 est,
949 2449 1036 2516 viros
1058 2465 1122 2516 non
1151 2444 1280 2529 secisse,
1309 2445 1394 2528 quod

246 2548 350 2617 faeere
371 2555 555 2636 potuerunt.
589 2553 735 2620 similiter
750 2554 932 2638 Madvigius
945 2555 980 2620 in
995 2552 1116 2619 emend.
1135 2551 1205 2618 Liv.
1223 2569 1294 2636 pag.
1309 2549 1392 2614 494:

246 2673 325 2739 „neo
357 2658 467 2741 aptum
499 2657 530 2725 id
561 2658 693 2725 verbum
720 2661 908 2741 (sustinere)
940 2661 1070 2726 estant
1096 2657 1200 2741 ipsum
1216 2659 1393 2741 pmurmna,

246 2760 396 2842 quoniam
416 2778 487 2828 eum
510 2762 758 2849 reprehensione
779 2763 920 2831 notanda
941 2768 991 2832 est
1013 2779 1109 2829 eausa
1131 2761 1215 2844 mali,
1237 2778 1303 2825 non
1326 2756 1392 2826 luc·
1482 2847 1485 2854 ,

246 2867 313 2929 tum
335 2883 407 2932 esse
427 2865 473 2949 id,
494 2869 580 2952 quod
601 2866 673 2935 fieri
694 2867 849 2935 debuerit.
884 2869 929 2952 (si
951 2873 1103 2934 enatuere
1125 2882 1188 2933 non
1209 2867 1391 2950 potuerant,

246 2966 335 3036 nulla
357 2973 430 3036 erat
449 2970 591 3059 culpa].“

332 3073 471 3157 Egregie
502 3076 643 3143 ostendit
676 3075 759 3144 idem
792 3077 827 3144 in
860 3077 984 3144 emend.
1012 3075 1081 3143 Liv.
1111 3093 1183 3159 pag.
1211 3072 1295 3157 494,
1329 3091 1392 3140 non

246 3178 400 3246 excidisse
431 3180 638 3263 vocabulum,
676 3180 732 3248 sed
756 3187 924 3267 potuimus
954 3198 1026 3249 esse
1057 3183 1252 3265 corruptum.
1296 3195 1392 3260 quam

247 3286 353 3350 antem
382 3282 505 3370 profert
536 3286 786 3353 emendationem
818 3309 904 3370 „non
937 3285 1152 3368 domntmnn,“
1183 3302 1252 3351 eam
1279 3281 1393 3349 salsam

247 3405 318 3455 esse
339 3407 463 3457 censeo.
508 3395 637 3457 donoro·
658 3388 742 3458 euim
765 3392 799 3456 et
814 3395 1005 3474 perdomare·
1025 3389 1111 3477 apud
1137 3389 1263 3458 Livium
1284 3387 1393 3454 hostes

245 3509 303 3558 seu
324 3494 506 3577 provinciae
527 3493 662 3562 hostiles
686 3499 877 3577 seu'gentes‘
898 3493 1039 3578 leroees,
1073 3499 1106 3560 et
1137 3493 1251 3561 beluae
1273 3492 1393 3558 anima-

245 3596 351 3680 liaque
372 3603 501 3683 praeter
521 3599 683 3665 hominem
705 3599 874 3683 dieuntnr3
896 3600 954 3667 sed
976 3604 1085 3666 tamen
1106 3603 1236 3684 ingenio
1267 3613 1393 3679 quoque

237 3708 369 3788 ferocia
390 3705 428 3768 ut
448 3700 629 3787 XXXVIII,
654 3701 705 3786 12,
727 3703 759 3784 4,
782 3708 815 3771 et
836 3709 942 3771 animi
951 3711 1080 3790 feroooe
1101 3707 1138 3769 ut
1153 3698 1321 3782 XXXVII,
1339 3704 1392 3781 49,

246 3807 265 3871 6
289 3811 468 3888 domantur,
489 3807 545 3873 ubi
568 3813 708 3876 ceterum
740 3809 774 3874 in
798 3815 967 3896 feromlote
997 3826 1154 3874 summum
1183 3807 1309 3892 pondus
1343 3808 1393 3870 est

245 3912 394 3992 positum.
425 3913 548 3980 renium
570 3913 755 3997 cognovisse
776 3911 943 3979 Hertzium
966 3931 1094 3995 censeo,
1118 3911 1172 3996 qui
1194 3911 1391 3996 suspicatur:

244 4037 329 4098 „uon
360 4018 606 4084 omtnuz'rnuaf‘
657 4016 738 4084 haec
771 4016 855 4082 enim
885 4035 950 4083 vox
981 4021 1047 4100 est,
1080 4033 1161 4098 quae
1192 4015 1235 4081 ad
1267 4018 1392 4100 patrem
1481 4059 1485 4068 .

244 4119 392 4205 familias,
407 4123 458 4190 oui
471 4141 581 4189 omnes
599 4122 691 4189 decet
705 4122 835 4205 servire,
851 4120 1035 4190 adhibenda
1053 4126 1113 4201 est,
1131 4137 1259 4204 quaque
1272 4118 1392 4201 Livius,

244 4227 300 4295 ubi
335 4245 393 4297 seu
424 4228 459 4294 in
491 4227 674 4297 domesticis
704 4245 762 4296 seu
794 4227 917 4296 bellicis
938 4227 1036 4294 rebus
1060 4225 1175 4310 aliquis
1198 4223 1391 4294 coercendus

1052 4326 1054 4333 ,
1217 4328 1251 4388 ³*
