3302 4956
836 427 879 494 16

285 638 426 724 adipson
437 637 615 724 Campanos
629 654 740 705 versus
762 639 948 724 pronomine
968 636 1176 704 obsonator.
1200 635 1427 719 quascumita

285 743 360 824 sint,
386 742 513 822 Liuium
544 759 656 808 censeo
685 741 840 809 Varronis
871 741 1048 809 orationem
1085 740 1181 808 etiam
1212 739 1428 808 conformasse

284 848 339 930 ile,
361 853 398 914 ut
419 847 475 914 illa
496 846 672 933 amplitudo
685 845 744 926 ¹vel
766 863 882 914 sensus
903 847 958 914 ille
980 847 1154 922 communis
1176 865 1273 930 quam
1292 847 1428 912 manime

285 953 423 1034 eluceat,
444 952 478 1017 id
498 956 551 1017 est
572 951 738 1036 scripsisse
753 969 823 1038 eum
841 961 905 1035 „aa
923 959 1020 1038 qnasi
1032 958 1089 1037 psci
1104 951 1224 1035 aliquid
1242 951 1428 1032 habeamus,

283 1057 317 1122 id
334 1055 420 1138 quod
434 1054 523 1122 deest
540 1055 660 1139 expleri
677 1055 721 1120 ab
736 1057 829 1122 sociis
847 1055 999 1123 velimus‘?
1012 1099 1068 1123 ...
1089 1074 1125 1124 so
1148 1057 1222 1123 dass
1239 1056 1296 1121 nir
1312 1055 1428 1138 gleich-

284 1179 353 1226 sam
374 1159 437 1226 nie·
453 1158 563 1242 Leuis,
586 1159 638 1226 die
659 1163 756 1227 etwas
780 1159 894 1242 haben,
915 1179 977 1227 nur
1000 1161 1056 1226 dns
1079 1160 1242 1236 Feblende
1271 1177 1333 1225 uon
1364 1159 1428 1232 den

284 1264 570 1349 Bundesgenossen
600 1267 730 1346 ergenzt
758 1263 873 1331 nissen
903 1265 1014 1331 wollen
1029 1317 1038 1331 .
1054 1287 1086 1346 .;
1115 1261 1228 1332 lectio:
1261 1268 1431 1349 qnasi-qn·

285 1369 405 1454 optime
425 1368 528 1450 cedit,
556 1365 593 1434 cl.
617 1369 714 1434 etiam
736 1367 798 1435 Oicss
821 1369 917 1435 Brut.
935 1366 1024 1451 XII,-
1042 1369 1113 1436 482
1135 1370 1215 1452 „sed
1237 1385 1308 1436 enm
1331 1387 1369 1433 ex
1391 1385 1427 1432 eo

286 1470 513 1556 (Josocrates),
544 1478 716 1558 quasique·
741 1475 967 1549 committeret
984 1480 1096 1542 contra
1127 1473 1299 1556 legem..
1333 1489 1430 1556 saepe

285 1577 353 1663 ipse
375 1578 407 1643 in
429 1577 582 1644 iudicium
600 1582 729 1644 voearet
729 1597 816 1644 ur
778 1578 834 1622 “
929 1619 931 1628 ι
970 1579 972 1586 ’

372 1681 488 1746 Oumt
474 1686 563 1747 textu
585 1683 703 1749 tradito
726 1682 764 1764 si,
788 1701 869 1765 qnae
891 1683 1055 1768 proposui,
1078 1623 1230 1766 confero,
1237 1627 1429 1768 partIculam

284 1792 361 1873 quia
381 1789 460 1870 puto
480 1790 591 1852 natam
613 1804 684 1852 esse
708 1786 852 1889 litterula
869 1811 892 1852 a
906 1787 1050 1855 vocabuli
1068 1791 1191 1873 ιιιιιιιιιι
1210 1785 1290 1854 falso
1304 1787 1429 1867 iterata,

285 1907 348 1973 qua
369 1909 405 1956 re
421 1889 624 1958 scribendum
639 1891 777 1976 primum
796 1895 847 1957 est
863 1914 917 1977 qai
914 1895 1077 1976 abaram
1099 1890 1252 1959 huict
1195 1896 1252 1959 alut
1253 1910 1303 1956 em
1326 1907 1430 1957 emen·

286 1994 408 2062 dationi
436 1995 524 2077 quia,
558 2000 597 2060 nt
628 2013 725 2079 supra
747 1995 898 2080 exposui,
921 2013 1034 2062 sensus
1056 1995 1430 2081 sententieerepugnare

284 2098 362 2164 mihi
388 2098 526 2181 vidntur,
559 2099 706 2184 suspicor
735 2100 926 2184 particulam
947 2107 1056 2187 qnasi,
1083 2117 1180 2183 quem
1203 2100 1341 2168 cenavit
1362 2098 1430 2166 cod.

285 2201 456 2287 Spirensis,
478 2202 642 2286 excidisse,
664 2203 749 2285 quod
767 2202 858 2269 facile
875 2200 945 2270 fieri
959 2205 1075 2290 potuit,
1087 2205 1116 2270 si
1131 2205 1316 2278 ndensdem
1331 2209 1431 2288 prope

284 2307 638 2374 litterulasverborum
660 2314 777 2394 „qnasi
805 2307 1004 2394 paratiqnffl
1033 2307 1174 2379 animum
1206 2309 1367 2374 advertas.

372 2412 420 2478 Ex
442 2411 494 2479 his
516 2412 614 2494 igitur
635 2412 740 2479 causis
762 2411 866 2478 locum
887 2413 933 2478 sin
955 2412 1107 2478 emendo:
1220 2441 1223 2448 ·

439 2521 550 2600 „Qac'ci
562 2523 651 2584 ,enim
672 2519 762 2604 nodio
779 2521 825 2583 ad
838 2520 975 2584 ‘Cannas
995 2522 1137 2584 ιιιιιιιιιιι
1159 2526 1213 2600 eat,
1236 2526 1295 2599 ui,
1316 2522 1434 2602 qnasi

365 2677 368 2686 ,
390 2628 457 2707 qni
476 2627 600 2706 aliquid
618 2624 800 2704 babeamus,
824 2625 864 2687 id
882 2626 980 2707 qnod
1000 2626 1113 2704 deest,
1136 2626 1256 2706 inpleri
1275 2623 1318 2687 ab
1338 2626 1431 2687 socios

382 2730 541 2793 ‚oeiimnsi
551 2729 671 2812 pedales
685 2728 771 2793 cobis
784 2731 984 2810 inoperimus,
998 2735 1169 2811 'tamqnam
1183 2731 1298 2810 equita
1313 2727 1430 2792 natea-

389 2835 483 2898 nans?
519 2837 692 2916 pecuniane
718 2834 820 2898 deesse
851 2835 1009 2912 dicamne,
1043 2839 1209 2916 tamquam
1238 2852 1278 2896 ea
1306 2837 1431 2896 tantam

390 2939 491 3000 desii?
516 2939 610 3018 nibil,
641 2957 680 3000 ne
701 2938 787 3022 qnod
805 2939 1020 3082 supparanna
1042 2938 1177 3020 qnidam,
1200 2936 1290 2999 nobo
1310 2938 1434 3018 neliqooit

380 3047 530 3125 forium
533 3039 553 3076 “

727 3188 872 3278 XXIII,
896 3192 932 3280 9,
955 3191 1052 3262 74

298 3407 301 3412 n
374 3363 412 3429 In
432 3361 552 3431 Pacuvi
569 3360 677 3429 Calavi
699 3362 800 3445 patris
822 3361 967 3428 oratione
987 3359 1086 3427 tilium
1115 3360 1213 3427 caede
1243 3357 1431 3426 Hannibalis

285 3467 438 3535 tentanda
461 3465 662 3542 dehortantis
685 3465 783 3532 codex
804 3465 877 3532 Put.
899 3462 1012 3531 habet:
1240 3523 1245 3534 ,

419 3574 597 3652 ,modam
628 3576 731 3654 ipsiius
763 3570 976 3652 Hannibalis,
1008 3589 1100 3654 onem
1132 3573 1255 3634 armati
1282 3572 1433 3634 enereans

359 3685 362 3691 '
389 3678 543 3742 sustinuere
565 3683 740 3760 nequeant,
772 3693 865 3759 quem
886 3677 990 3740 bona
1002 3678 1158 3758 punctim,
1189 3681 1224 3738 ιιι
1246 3673 1433 3738 antinoios?

389 3785 497 3846 italis
529 3784 653 3846 annisa
686 3783 799 3860 deant,
833 3801 883 3844 rna
912 3784 1021 3863 opacam
1041 3773 1147 3862 scrire
1181 3799 1298 3862 corpas
1326 3796 1433 3842 menna

383 3894 594 3969 opponentem
609 3907 673 3970 paro
695 3905 823 3968 corpora
844 3885 1041 3950 Hannibalis
1063 3881 1273 3950 andband
1368 3910 1370 3920 ⁴

374 3989 460 4054 Edit.
483 3988 571 4056 Basil
595 3987 699 4054 1539:
735 3996 782 4069 „a
801 3992 832 4052 si
851 3991 919 4052 aba
940 3987 1062 4053 anaide·
1080 3986 1203 4054 desint‘
1227 3984 1311 4068 (sine
1333 3985 1431 4054 dubio

288 4117 326 4164 cr
348 4091 695 4176 eouiecturaprnfecta
717 4091 811 4159 lectio
831 4090 949 4174 qnippe
970 4089 1119 4175 tenuior).

373 4197 671 4268 Drakenborchins:
699 4214 813 4280 „quem
843 4195 955 4262 horret
982 4194 1136 4279 populus,
1167 4199 1213 4260 tu·
1234 4191 1433 4266 sustinebisl
