3302 4956
821 411 863 480 12

270 628 299 698 ei
322 632 502 712 temporum
522 626 616 705 ratio,
639 624 714 710 quia
735 626 949 694 Romanorum
969 625 1088 694 bellum
1108 645 1179 693 curn
1197 624 1319 710 Pyrrho
1342 645 1413 709 ges-

270 727 340 800 tum'
359 732 526 816 sexaginta
548 729 616 798 fere
633 730 724 798 annis
743 735 819 798 ante
831 729 956 798 finitum
970 737 1055 815 crat3
1078 737 1111 798 et
1124 733 1153 799 si
1167 730 1250 798 forte
1264 750 1413 814 opponas,

267 862 325 906 mos
348 835 527 922 significare
547 844 671 904 nostroe
692 841 841 922 captivos,
865 835 945 904 haec
966 838 1053 904 vocis
1083 837 1304 919 interpretatio
1327 835 1412 902 clau·

269 943 374 1010 dicare
403 939 480 1008 mihi
510 939 651 1022 videtur,
674 939 764 1024 quia,
794 939 857 1006 nisi
879 941 1115 1008 substantivum
1138 940 1267 1024 aliquod
1291 939 1414 1006 accedit

268 1049 305 1113 nt
326 1051 415 1127 moes,
437 1048 567 1112 nostros
587 1043 728 1126 captivos
750 1062 864 1112 censeo
886 1064 941 1112 eos
963 1063 1049 1124 esse,
1073 1064 1153 1129 quos
1174 1045 1235 1127 ipsi
1264 1045 1412 1126 cepimus.

356 1149 511 1216 Codicum
532 1148 691 1231 scriptura
713 1148 824 1215 eadem
846 1168 942 1216 causa
962 1149 1041 1216 mihi
1062 1169 1129 1216 non
1146 1149 1310 1232 probatur,
1329 1147 1412 1230 quod

269 1255 352 1322 inter
372 1272 436 1336 eos,
453 1254 494 1321 od
513 1272 590 1338 quos
609 1252 688 1320 haec
708 1253 807 1320 verba
830 1254 914 1322 dicta
935 1260 1018 1335 sunt,
1040 1274 1102 1321 non
1124 1255 1187 1322 iam
1209 1254 1308 1321 finisse
1324 1258 1412 1336 puto,

268 1358 323 1442 qui
345 1357 460 1440 Pyrrhi
481 1353 607 1424 lucrant
629 1356 762 1440 captivi:
786 1362 819 1430 et
840 1358 869 1424 si
890 1356 974 1424 forte
995 1358 1174 1443 suspiceris,
1191 1358 1225 1424 in
1242 1356 1412 1439 archetypo

267 1461 367 1530 fuisse
389 1462 459 1541 ciro,
480 1462 527 1528 ita
548 1466 585 1528 ut
607 1460 776 1545 legendum
799 1463 843 1528 sit
863 1473 995 1545 cestros,
1018 1482 1140 1547 oppono
1163 1462 1319 1546 equidem,
1340 1479 1414 1544 pro-

156 1629 158 1636 ,
267 1568 386 1634 nomini
407 1565 588 1650 possessivo
612 1570 644 1631 et
674 1584 720 1648 ea,
744 1584 826 1650 quae
848 1585 947 1650 supra
969 1568 1009 1634 de
1030 1578 1133 1636 noser
1155 1567 1234 1648 dixi,
1258 1572 1291 1633 et
1311 1565 1413 1631 locum

266 1691 301 1758 qn
323 1673 492 1740 verborum
513 1671 624 1738 ordine
645 1689 833 1754 repugnare.
867 1692 938 1756 qua
959 1673 999 1740 de
1021 1693 1057 1740 re
1078 1674 1148 1740 iure
1167 1672 1302 1740 includit
1322 1689 1413 1736 voca·

267 1778 377 1844 bulum
399 1776 515 1845 Fabrio
537 1776 747 1860 praecedente
769 1776 1048 1844 Weissenbornius
1071 1778 1271 1862 suspicatus,
1297 1801 1351 1844 cos
1374 1794 1411 1840 ex

267 1882 411 1965 sequenti
433 1879 556 1964 syllaba
577 1885 633 1946 boa
654 1879 745 1946 verbi
765 1885 923 1966 harpalum
945 1886 1050 1948 ortum
1081 1900 1168 1964 esse3
1198 1878 1351 1946 Hertzius
1380 1882 1414 1945 ct

267 1984 468 2052 Woelfflinus
490 1984 592 2051 secuti
614 1989 690 2052 sunt
711 1988 745 2051 et
765 1983 948 2068 Maduigius
970 1985 1064 2068 plane
1085 1987 1119 2052 id
1138 1985 1264 2052 omittit.

354 2088 418 2156 Sed
439 2093 544 2156 tamen
566 2107 634 2155 rem
656 2089 854 2171 examinabo,
876 2090 905 2156 si
922 2090 999 2174 qnid
1016 2091 1102 2156 aliud
1121 2092 1161 2156 de
1180 2089 1240 2156 hoc
1255 2088 1407 2156 vocabulo

267 2192 375 2260 lacere
396 2192 535 2276 possim;
558 2193 586 2258 si
599 2211 674 2260 vero
687 2192 730 2273 id,
745 2193 831 2275 quod
847 2211 1034 2277 proponam,
1052 2212 1115 2260 non
1131 2192 1329 2277 probabitur,
1347 2191 1410 2256 iarn

267 2316 351 2366 nunc
374 2297 453 2379 dico,
479 2295 632 2364 Fabrium
653 2300 774 2363 rectum
793 2297 986 2378 cognouisse.

356 2400 484 2484 Duplici
511 2400 594 2466 enim
627 2400 721 2467 modo
752 2423 807 2466 vos
830 2400 996 2482 depravari
1017 2401 1150 2484 poterat.
1194 2401 1329 2484 primum
1352 2399 1412 2465 tibi

265 2509 298 2574 in
323 2509 462 2572 ruentem
483 2505 599 2584 veniat,
620 2521 732 2571 vocem
748 2504 837 2571 illam
855 2524 894 2570 ex
915 2505 1151 2589 praepositione
1172 2511 1207 2572 ia
1229 2507 1410 2586 corruptam

268 2630 348 2690 csse,
366 2608 519 2692 afferenti,
539 2609 741 2691 scriptionem
759 2614 793 2674 ia
809 2632 942 2676 numero
956 2610 1117 2677 Ciceronis
1137 2629 1208 2676 esse
1226 2615 1258 2675 et
1275 2608 1410 2676 aliorum

268 2719 452 2794 auctorum,
484 2717 516 2778 et
545 2712 670 2778 Livium
702 2731 896 2796 quamquam
924 2715 1022 2780 semel
1053 2719 1086 2780 et
1115 2714 1231 2780 iterum
1253 2720 1290 2780 ut
1311 2715 1409 2790 XXV,

267 2818 318 2901 22,
338 2818 395 2883 12:
420 2817 577 2904 „hostium
600 2815 725 2883 futuros
743 2817 913 2900 numero;“
932 2818 1079 2898 XXXVI,
1100 2821 1149 2902 35,
1169 2825 1205 2884 9:
1231 2838 1285 2901 „se
1302 2826 1409 2885 utrum

265 2923 404 2990 boetium
432 2941 475 2989 an
510 2926 696 3004 pacatorum
725 2939 780 2988 eos
811 2944 943 2990 nantuac
975 2923 1108 2990 haberet
1137 2923 1277 2989 nondum
1309 2925 1409 2990 scire“

269 3025 538 3113 praepositionem
568 3025 759 3107 neglexerit,
791 3029 897 3094 tamen
929 3029 1025 3094 ctiam
1055 3029 1288 3112 praepositione
1316 3049 1409 3096 usum

267 3151 339 3199 csse
361 3135 397 3196 ut
418 3128 535 3212 XXlX,
559 3135 588 3211 6,
611 3131 649 3193 4:
672 3135 725 3210 „ia
748 3147 785 3195 eo
808 3132 1003 3213 captivorum
1024 3156 1157 3200 rzzcmero
1178 3131 1261 3198 fabri
1279 3132 1408 3216 quidam

266 3235 391 3316 iuere;“
413 3233 561 3316 XXXlX,
585 3232 637 3312 28,
661 3232 718 3299 13:
742 3251 820 3320 ,qno
842 3240 876 3302 iu
906 3259 1037 3314 pumero
1066 3256 1116 3302 me
1147 3237 1231 3320 apud
1261 3254 1316 3302 vos
1339 3255 1410 3302 esse

266 3341 401 3422 volitis,“
432 3358 495 3423 qua
527 3340 566 3407 de
588 3357 623 3404 re
644 3338 731 3406 haud
752 3337 859 3423 inepte
881 3329 983 3424 legas:
1007 3342 1147 3425 „Pyrrho
1170 3341 1333 3422 videlicet,
1355 3339 1408 3421 qui

267 3455 302 3515 in
323 3445 466 3514 hostium
488 3467 619 3512 parmeno
641 3444 783 3526 captivos
806 3443 946 3512 habuit“

354 3550 417 3617 Sed
440 3549 504 3616 alia
521 3549 574 3614 uia
596 3549 698 3614 locum
722 3549 911 3615 emendandi
933 3550 1055 3634 reliqua
1077 3557 1139 3630 est,
1171 3569 1266 3634 quam
1297 3551 1329 3616 in
1360 3569 1407 3616 se·

268 3654 438 3740 quentibus
468 3671 653 3736 persequar.
697 3651 775 3736 quid
804 3652 926 3735 igitur?
971 3675 1041 3722 cum
1075 3655 1158 3722 enim
1189 3656 1222 3720 in
1249 3653 1407 3736 exemplis,

268 3778 348 3844 qnae
370 3760 465 3825 antea
486 3757 618 3841 protuli,
641 3774 734 3824 casus
756 3759 894 3839 genetivi
916 3761 955 3826 de
977 3759 1116 3827 ablativo
1138 3783 1270 3827 numero
1292 3759 1407 3840 dapem

267 3863 377 3930 dentes
398 3863 521 3948 aliquid
541 3863 615 3942 veri,
638 3862 671 3929 id
694 3866 745 3928 est
766 3881 858 3930 veros
881 3865 1008 3948 hastae,
1031 3886 1123 3933 veros
1145 3869 1293 3949 pacatos,
1315 3882 1406 3930 veros

266 3967 408 4050 captivos
432 3968 623 4050 exprimant,
645 3963 795 4032 hocloco
820 3970 925 4035 nescio
949 3988 990 4035 an
1021 3990 1082 4036 non
1104 3969 1244 4053 Pyrrhus
1268 3969 1408 4051 captivos

267 4076 304 4137 ut
325 4087 419 4137 veros
442 4068 582 4153 hospites
600 4067 756 4150 habuerit,
774 4089 838 4152 qna
854 4090 890 4138 re
906 4071 1043 4140 fortasse
1060 4077 1169 4155 aptum
1187 4091 1259 4140 esse
1277 4091 1407 4139 censeas

266 4173 450 4258 particulam
482 4173 726 4257 comparativam
757 4173 798 4238 ad
831 4175 1013 4258 genetivum
1049 4182 1206 4261 bospitam
1242 4179 1407 4260 accedere3

1616 695 1644 790 a
