3302 4956
553 433 856 558 *mi-3*

182 669 257 754 quia
279 669 369 738 facile
389 667 466 736 fieri·
481 669 596 752 potuit,
619 674 657 736 ut
679 688 720 736 ex
741 673 915 757 uoceqar'd,
937 687 1019 752 quae
1040 668 1073 736 in
1091 668 1198 738 codice
1211 668 1324 737 Bamb.

126 768 130 780 ¹
180 792 338 858 persaepe
358 763 440 860 qaid
456 780 512 841 aut
533 760 604 860 qua*
619 773 739 858 scripta
765 778 834 856 est,
869 778 901 840 et
923 795 1004 858 qaae
1023 777 1056 839 et
1075 779 1153 858 qaia
1183 773 1326 858 proticis-

183 885 327 963 ceretur,
360 882 416 948 sed
439 880 533 946 etiam
555 881 596 947 ad
623 898 717 949 usum
738 877 906 946 Liuianum
941 879 1044 945 oratio
1075 879 1121 946 sic
1151 881 1325 946 constItuta

182 985 274 1054 valde
297 985 532 1052 accommodata
554 989 618 1068 est,
653 1003 725 1051 cum
756 985 909 1067 scriptor,
933 965 995 1050 ‘ubi
1018 1001 1076 1051 seu
1098 984 1247 1051 alacriter
1270 1003 1326 1051 seu

183 1089 303 1157 ironice
335 1089 532 1172 interroget,
565 1089 722 1156 eiusmodi
755 1087 858 1156 Iorma
890 1087 1015 1154 dicendi
1045 1088 1181 1155 libenter
1203 1093 1326 1155 utatur.

183 1193 239 1276 sic,
263 1198 298 1260 ut
319 1212 422 1276 pauca
446 1193 592 1277 exempla
615 1192 756 1274 afferam,
775 1191 913 1275 legimus
936 1192 1040 1274 XXII,
1054 1192 1105 1275 14,
1125 1192 1183 1256 12:
1205 1197 1326 1279 ‚pauidi

181 1303 257 1384 post
285 1298 402 1364 multos
433 1316 533 1365 annos
566 1317 637 1364 cum
669 1298 710 1364 ad
740 1297 893 1364 Furculas
917 1297 1077 1364 Caudinas
1111 1297 1152 1363 ab
1184 1295 1327 1364 Samnite

184 1401 276 1468 hoste
307 1402 367 1468 sub
399 1403 508 1486 iugum
541 1403 629 1469 missi
658 1420 787 1484 sumus,
819 1405 926 1468 utrum
959 1401 1087 1468 tandem
1120 1402 1156 1467 L.
1180 1402 1327 1485 Papirius

184 1507 303 1574 Cursor
324 1507 400 1590 iuga
422 1505 530 1574 Samni
553 1506 776 1593 perlustrando
809 1525 849 1572 an
878 1506 1045 1572 Luceriam
1076 1505 1250 1592 premendo
1273 1507 1327 1572 oh·

186 1611 383 1695 sidoniaque
406 1617 438 1680 ct
459 1613 642 1679 lacessendo
673 1613 826 1679 victorem
856 1611 980 1679 hostem
1015 1611 1182 1696 depulsum
1204 1613 1244 1678 ab
1267 1614 1328 1680 Ro·

184 1716 288 1782 ruanis
311 1717 486 1784 cervicibus
510 1719 619 1802 iugum
642 1716 778 1800 superbo
802 1716 937 1784 Samniti
959 1717 1160 1803 imposuit?“
1188 1717 1328 1800 XXXIII,

187 1820 237 1902 13,
261 1825 299 1885 6:
321 1827 443 1906 ‚pardi
470 1823 567 1901 nohis,
589 1823 704 1906 iuquit,
727 1821 883 1904 Philippo,
905 1821 1056 1888 reddisne
1078 1821 1206 1888 tandem
1228 1819 1329 1886 Phar-

185 1925 289 1992 salum
312 1926 532 1992 etharisam.“
554 1923 707 2010 XXXIII,
724 1925 776 2008 39,
791 1926 829 1989 7:
851 1926 929 2008 „sed
952 1930 986 1990 ut
1010 1925 1042 1990 in
1058 1923 1168 2010 Asiam
1191 1925 1328 1990 adventu

185 2032 254 2100 eius
277 2030 472 2099 dIssimulari
494 2031 535 2096 ab
558 2030 706 2096 Romanis
737 2035 901 2112 tamquam
923 2029 1001 2095 nihil
1023 2030 1065 2095 ad
1088 2047 1142 2096 eos
1165 2029 1327 2112 pertiuens
1350 2014 1352 2020 ¹

186 2135 336 2222 potuerit,
360 2169 399 2181 -
423 2138 524 2220 qnid?
547 2134 630 2216 quod
649 2133 712 2199 iarn
731 2133 828 2200 etiarn
849 2133 882 2198 in
905 2133 1132 2215 Europam
1157 2134 1329 2211 transierit,

186 2245 340 2324 quantum
361 2258 381 2304 a
403 2237 487 2305 bello
509 2241 621 2323 aperte
649 2237 801 2304 Romanis
834 2237 955 2303 indicto
976 2237 1134 2304 abameV‘
1168 2233 1325 2319 XXXIV,

187 2353 215 2428 5,
230 2348 269 2410 9:
292 2361 418 2426 „nonne
439 2343 848 2410 intercursumatronarum
861 2343 946 2408 inter
963 2340 1047 2410 acics
1072 2342 1151 2409 duas
1174 2341 1327 2425 proelium

186 2451 334 2518 sedatum
355 2449 431 2516 est?
453 2442 554 2534 qaid?
586 2447 716 2529 regibus
740 2446 860 2514 exactis
958 2465 1063 2512 nonne
1084 2446 1118 2512 id
1140 2453 1253 2528 agmen

188 2558 352 2620 matronae
375 2551 591 2618 auerterunt.“
612 2547 790 2632 XXXVIII,
812 2551 864 2632 49,
887 2549 1002 2616 aare:
1027 2555 1145 2636 ‚paida
1167 2551 1197 2618 si
1219 2550 1340 2616 urbemv

186 2676 223 2725 eo
245 2658 314 2723 loco
335 2657 491 2724 haberent
513 2662 546 2724 et
563 2657 726 2724 moenibus
742 2675 777 2724 se
795 2657 966 2724 tenerent?
988 2675 1102 2738 nempe
1125 2656 1329 2739 oppugnandi

187 2769 289 2832 erant.
315 2763 427 2850 'quirit
461 2764 502 2830 ad
525 2762 754 2849 Thermopylas
786 2781 928 2846 aequone
958 2762 1028 2828 loco
1059 2762 1100 2828 ll.
1116 2761 1235 2827 Acilius
1259 2779 1329 2826 cum

189 2887 265 2951 rege
286 2867 443 2935 Antiocho
465 2868 645 2954 pugnavit?
676 2872 775 2953 quoii?
808 2867 990 2952 Philippum
1018 2885 1082 2932 non
1104 2866 1215 2933 eodem
1236 2866 1329 2931 modo

187 2993 284 3059 super
314 2975 417 3040 Aoum
449 2989 574 3038 amnem
607 2972 684 3054 iuga
717 2976 878 3038 tenentem
910 2971 1067 3037 montium
1096 2971 1131 3036 T.
1163 2969 1329 3048 Quinctius

187 3073 589 3158 deiectam-xxxxv,
614 3080 665 3158 39,
689 3075 727 3138 6:
749 3095 811 3160 „au
830 3081 926 3144 noctu
944 3075 1068 3157 [variae
1085 3075 1241 3156 pretiosae
1262 3071 1328 3155 res)

187 3219 229 3230 —-
242 3183 276 3249 in
291 3182 449 3250 aerarium
468 3179 746 3266 deportabuntur?
769 3186 869 3268 quid?
891 3180 972 3246 illud
990 3179 1205 3266 spectaculum
1226 3179 1328 3244 maxi-

188 3303 274 3350 mum
287 3304 397 3352 -rex
414 3288 535 3368 captus,
558 3284 614 3350 ubi
635 3285 747 3352 victori
765 3285 881 3370 populo
899 3283 1131 3352 ostendetur?“
1152 3281 1329 3366 XXXXV‚

188 3393 241 3472 39,
273 3388 332 3454 13:
366 3389 467 3472 „alias
503 3388 678 3472 (victimae)
712 3389 775 3454 alio
806 3389 960 3455 caedente
992 3388 1201 3455 mactabitis?
1234 3393 1330 3474 quid?

188 3494 259 3562 illae
282 3493 392 3579 epulae
415 3499 556 3575 sanatae,
580 3512 661 3576 quae
683 3512 741 3560 nec
762 3493 889 3578 privato
925 3494 994 3560 loco
1028 3512 1086 3560 nec
1108 3492 1234 3578 publico
1256 3511 1329 3577 pro·

187 3598 272 3680 Iano,
296 3597 408 3664 sedin
432 3597 588 3682 Capitolio
611 3599 759 3680 eduntur,
783 3633 821 3646 -
846 3604 977 3665 auctore
1000 3597 1110 3666 Servio
1134 3597 1238 3664 Galba
1262 3602 1328 3662 tur-

188 3703 296 3768 baturi
318 3701 420 3769 cette?
442 3701 604 3786 XXXIV,
626 3703 657 3784 3,
680 3701 717 3768 2:
742 3705 861 3787 ‚paridi
884 3703 911 3767 si
935 3721 1066 3787 carpere
1089 3702 1232 3785 singula.
1246 3753 1252 3768 .
1268 3753 1274 3768 .
1289 3735 1329 3748 -

188 3806 431 3893 patiemini...“

277 3910 312 3976 In
335 3910 394 3978 hac
416 3915 523 3979 autem
546 3912 769 3978 emendatione
790 3912 932 3998 ,‚qaid?“
963 3910 1021 3979 hoc
1052 3931 1178 3994 quoque
1209 3912 1330 3977 exami-

189 4016 332 4084 nandum
365 4020 423 4099 est,
456 4035 532 4082 nuru
565 4017 704 4083 scrihere
733 4018 828 4084 liceat
849 4022 971 4103 ‚quirit
993 4026 1078 4083 celae
1100 4016 1267 4098 rcha...“
1290 4037 1330 4082 an

188 4121 369 4206 ponendum
389 4121 433 4186 sit
452 4127 574 4207 „pauidi
596 4130 742 4188 cernane
765 4121 853 4204 regia
867 4174 873 4187 .
888 4122 957 4187 ..V‘
970 4157 1008 4170 -
1024 4126 1073 4187 est
1092 4120 1219 4204 quidem
1245 4123 1332 4203 apud

188 4225 316 4291 Liuium
339 4242 401 4292 non
425 4225 583 4310 alianum,
605 4225 800 4310 particulam
822 4226 1084 4310 interrogativam
1106 4227 1236 4308 deesse,
1260 4244 1331 4294 cum
