<?xml version="1.0" encoding="UTF-8"?>
<!DOCTYPE html PUBLIC "-//W3C//DTD XHTML 1.0 Transitional//EN"
    "http://www.w3.org/TR/xhtml1/DTD/xhtml1-transitional.dtd">
<html xmlns="http://www.w3.org/1999/xhtml" xml:lang="en" lang="en">
 <head>
  <title>
</title>
<meta http-equiv="Content-Type" content="text/html;charset=utf-8" />
  <meta name='ocr-system' content='tesseract 3.04.00' />
  <meta name='ocr-capabilities' content='ocr_page ocr_carea ocr_par ocr_line ocrx_word'/>
</head>
<body>
  <div class='ocr_page' id='page_1' title='image "./critikasicstudi00mayegoog_0030.png"; bbox 0 0 3302 4956; ppageno 0'>
   <div class='ocr_carea' id='block_1_1' title="bbox 201 601 1344 1106">
    <p class='ocr_par' dir='ltr' id='par_1_1' title="bbox 201 601 1344 1106">
     <span class='ocr_line' id='line_1_1' title="bbox 202 601 1342 690; baseline 0.004 -24"><span class='ocrx_word' id='word_1_1' title='bbox 202 603 237 666; x_wconf 83' lang='lat' dir='ltr'>ia</span> <span class='ocrx_word' id='word_1_2' title='bbox 258 601 371 670; x_wconf 71' lang='grc' dir='ltr'>ῠιὶιιιιη</span> <span class='ocrx_word' id='word_1_3' title='bbox 394 607 513 670; x_wconf 63' lang='lat' dir='ltr'>mantua</span> <span class='ocrx_word' id='word_1_4' title='bbox 534 602 583 670; x_wconf 86' lang='lat' dir='ltr'>vel</span> <span class='ocrx_word' id='word_1_5' title='bbox 606 605 682 672; x_wconf 82' lang='lat' dir='ltr'>bello</span> <span class='ocrx_word' id='word_1_6' title='bbox 697 608 881 690; x_wconf 69' lang='lat' dir='ltr'>permeatus</span> <span class='ocrx_word' id='word_1_7' title='bbox 897 629 964 688; x_wconf 66' lang='grc'>’-,</span> <span class='ocrx_word' id='word_1_8' title='bbox 996 604 1070 672; x_wconf 87' lang='lat' dir='ltr'><strong>usui</strong></span> <span class='ocrx_word' id='word_1_9' title='bbox 1091 603 1207 675; x_wconf 84' lang='lat' dir='ltr'>Latine</span> <span class='ocrx_word' id='word_1_10' title='bbox 1229 623 1342 672; x_wconf 80' lang='lat' dir='ltr'>aenaea</span> 
     </span>
     <span class='ocr_line' id='line_1_2' title="bbox 203 695 1344 796; baseline 0.009 -28"><span class='ocrx_word' id='word_1_11' title='bbox 203 721 266 770; x_wconf 88' lang='lat' dir='ltr'>non</span> <span class='ocrx_word' id='word_1_12' title='bbox 297 723 494 794; x_wconf 77' lang='lat' dir='ltr'>repugnare,</span> <span class='ocrx_word' id='word_1_13' title='bbox 525 707 624 796; x_wconf 74' lang='lat' dir='ltr'>uerba</span> <span class='ocrx_word' id='word_1_14' title='bbox 652 713 687 776; x_wconf 82' lang='lat' dir='ltr'>ia</span> <span class='ocrx_word' id='word_1_15' title='bbox 717 712 776 775; x_wconf 77' lang='lat' dir='ltr'>dea</span> <span class='ocrx_word' id='word_1_16' title='bbox 805 711 938 796; x_wconf 83' lang='lat' dir='ltr'>Kampf</span> <span class='ocrx_word' id='word_1_17' title='bbox 954 713 1126 776; x_wconf 72' lang='lat' dir='ltr'>uemaiekelt</span> <span class='ocrx_word' id='word_1_18' title='bbox 1153 695 1268 782; x_wconf 77' lang='lat' dir='ltr'>Latine</span> <span class='ocrx_word' id='word_1_19' title='bbox 1298 708 1344 778; x_wconf 84' lang='lat' dir='ltr'>sic</span> 
     </span>
     <span class='ocr_line' id='line_1_3' title="bbox 202 808 1343 898; baseline 0.007 -26"><span class='ocrx_word' id='word_1_20' title='bbox 202 808 313 877; x_wconf 87' lang='lat' dir='ltr'>reddi:</span> <span class='ocrx_word' id='word_1_21' title='bbox 335 817 601 898; x_wconf 73' lang='lat' dir='ltr'>aeiepaanzbtaa,</span> <span class='ocrx_word' id='word_1_22' title='bbox 617 832 698 896; x_wconf 89' lang='lat' dir='ltr'>quae</span> <span class='ocrx_word' id='word_1_23' title='bbox 715 813 877 896; x_wconf 83' lang='lat' dir='ltr'>scriptura</span> <span class='ocrx_word' id='word_1_24' title='bbox 894 813 1024 896; x_wconf 87' lang='lat' dir='ltr'>iusuper</span> <span class='ocrx_word' id='word_1_25' title='bbox 1041 811 1132 880; x_wconf 79' lang='lat' dir='ltr'>facile</span> <span class='ocrx_word' id='word_1_26' title='bbox 1150 813 1190 880; x_wconf 90' lang='lat' dir='ltr'>ad</span> <span class='ocrx_word' id='word_1_27' title='bbox 1208 813 1343 880; x_wconf 78' lang='lat' dir='ltr'>traditas</span> 
     </span>
     <span class='ocr_line' id='line_1_4' title="bbox 201 912 1344 1001; baseline 0.007 -23"><span class='ocrx_word' id='word_1_28' title='bbox 201 912 326 983; x_wconf 82' lang='lat' dir='ltr'>litteras</span> <span class='ocrx_word' id='word_1_29' title='bbox 348 913 515 984; x_wconf 82' lang='lat' dir='ltr'>referenda</span> <span class='ocrx_word' id='word_1_30' title='bbox 539 922 599 985; x_wconf 85' lang='lat' dir='ltr'>est.</span> <span class='ocrx_word' id='word_1_31' title='bbox 633 922 671 985; x_wconf 93' lang='lat' dir='ltr'>ut</span> <span class='ocrx_word' id='word_1_32' title='bbox 692 917 775 985; x_wconf 90' lang='lat' dir='ltr'>enim</span> <span class='ocrx_word' id='word_1_33' title='bbox 797 923 1015 1001; x_wconf 81' lang='lat' dir='ltr'>praeteream,</span> <span class='ocrx_word' id='word_1_34' title='bbox 1047 937 1119 986; x_wconf 81' lang='lat' dir='ltr'>uua.</span> <span class='ocrx_word' id='word_1_35' title='bbox 1142 918 1291 986; x_wconf 89' lang='lat' dir='ltr'>litterulis</span> <span class='ocrx_word' id='word_1_36' title='bbox 1312 925 1344 986; x_wconf 86' lang='lat' dir='ltr'><strong><em>A</em></strong></span> 
     </span>
     <span class='ocr_line' id='line_1_5' title="bbox 201 1019 1343 1106; baseline 0.006 -23"><span class='ocrx_word' id='word_1_37' title='bbox 201 1024 230 1083; x_wconf 83' lang='lat' dir='ltr'>et</span> <span class='ocrx_word' id='word_1_38' title='bbox 245 1027 286 1103; x_wconf 78' lang='lat' dir='ltr'>R,</span> <span class='ocrx_word' id='word_1_39' title='bbox 309 1021 330 1088; x_wconf 77' lang='lat' dir='ltr'><strong>c</strong></span> <span class='ocrx_word' id='word_1_40' title='bbox 356 1025 388 1087; x_wconf 87' lang='lat' dir='ltr'>et</span> <span class='ocrx_word' id='word_1_41' title='bbox 409 1022 448 1105; x_wconf 85' lang='lat' dir='ltr'>E,</span> <span class='ocrx_word' id='word_1_42' title='bbox 478 1021 562 1088; x_wconf 84' lang='lat' dir='ltr'>Eat</span> <span class='ocrx_word' id='word_1_43' title='bbox 585 1021 620 1088; x_wconf 85' lang='lat' dir='ltr'><strong>M</strong></span> <span class='ocrx_word' id='word_1_44' title='bbox 646 1019 802 1088; x_wconf 84' lang='lat' dir='ltr'><strong>similibus</strong></span> <span class='ocrx_word' id='word_1_45' title='bbox 816 1076 818 1084; x_wconf 33' lang='lat' dir='ltr'>t</span> <span class='ocrx_word' id='word_1_46' title='bbox 833 1020 984 1106; x_wconf 80' lang='lat' dir='ltr'>perfacile</span> <span class='ocrx_word' id='word_1_47' title='bbox 1004 1039 1101 1105; x_wconf 86' lang='lat' dir='ltr'>posse</span> <span class='ocrx_word' id='word_1_48' title='bbox 1121 1020 1241 1089; x_wconf 86' lang='lat' dir='ltr'>iactum</span> <span class='ocrx_word' id='word_1_49' title='bbox 1263 1041 1343 1106; x_wconf 86' lang='lat' dir='ltr'>esse,</span> 
     </span>
    </p>
   </div>
   <div class='ocr_carea' id='block_1_2' title="bbox 202 1126 1462 1212">
    <p class='ocr_par' dir='ltr' id='par_1_2' title="bbox 202 1126 1462 1212">
     <span class='ocr_line' id='line_1_6' title="bbox 202 1126 1462 1212; baseline -0.001 -17"><span class='ocrx_word' id='word_1_50' title='bbox 202 1134 239 1195; x_wconf 90' lang='lat' dir='ltr'>ut</span> <span class='ocrx_word' id='word_1_51' title='bbox 257 1146 295 1196; x_wconf 83' lang='lat' dir='ltr'>ex</span> <span class='ocrx_word' id='word_1_52' title='bbox 313 1145 389 1194; x_wconf 80' lang='lat' dir='ltr'>uuae</span> <span class='ocrx_word' id='word_1_53' title='bbox 401 1129 512 1196; x_wconf 81' lang='grc' dir='ltr'><em>ΑΟΙΕ</em></span> <span class='ocrx_word' id='word_1_54' title='bbox 522 1126 604 1196; x_wconf 88' lang='lat' dir='ltr'>male</span> <span class='ocrx_word' id='word_1_55' title='bbox 621 1126 740 1212; x_wconf 82' lang='lat' dir='ltr'>scripta</span> <span class='ocrx_word' id='word_1_56' title='bbox 756 1126 949 1194; x_wconf 82' lang='lat' dir='ltr'>vocabulum</span> <span class='ocrx_word' id='word_1_57' title='bbox 962 1131 1068 1196; x_wconf 77' lang='lat' dir='ltr'>REM</span> <span class='ocrx_word' id='word_1_58' title='bbox 1075 1127 1343 1210; x_wconf 79' lang='lat' dir='ltr'>proficisceretur,</span> <span class='ocrx_word' id='word_1_59' title='bbox 1457 1149 1462 1162; x_wconf 88' lang='lat'><strong>·</strong></span> 
     </span>
    </p>
   </div>
   <div class='ocr_carea' id='block_1_3' title="bbox 198 1231 1476 4235">
    <p class='ocr_par' dir='ltr' id='par_1_3' title="bbox 200 1231 1476 2265">
     <span class='ocr_line' id='line_1_7' title="bbox 201 1231 1343 1321; baseline 0 -21"><span class='ocrx_word' id='word_1_60' title='bbox 201 1231 367 1321; x_wconf 83' lang='lat' dir='ltr'>probabile</span> <span class='ocrx_word' id='word_1_61' title='bbox 399 1231 477 1298; x_wconf 89' lang='lat' dir='ltr'>mibi</span> <span class='ocrx_word' id='word_1_62' title='bbox 498 1231 625 1301; x_wconf 83' lang='lat' dir='ltr'>videtur</span> <span class='ocrx_word' id='word_1_63' title='bbox 646 1232 681 1300; x_wconf 90' lang='lat' dir='ltr'>in</span> <span class='ocrx_word' id='word_1_64' title='bbox 702 1231 875 1316; x_wconf 84' lang='lat' dir='ltr'>archetypa</span> <span class='ocrx_word' id='word_1_65' title='bbox 907 1231 1008 1302; x_wconf 84' lang='lat' dir='ltr'>inisse</span> <span class='ocrx_word' id='word_1_66' title='bbox 1037 1231 1171 1300; x_wconf 81' lang='lat' dir='ltr'>formam</span> <span class='ocrx_word' id='word_1_67' title='bbox 1192 1232 1343 1315; x_wconf 73' lang='grc' dir='ltr'><strong>ΑΟΙΕΜς</strong></span> 
     </span>
     <span class='ocr_line' id='line_1_8' title="bbox 200 1335 1341 1422; baseline -0.002 -16"><span class='ocrx_word' id='word_1_68' title='bbox 200 1341 311 1410; x_wconf 83' lang='lat' dir='ltr'>littera</span> <span class='ocrx_word' id='word_1_69' title='bbox 333 1338 367 1403; x_wconf 89' lang='lat' dir='ltr'>M</span> <span class='ocrx_word' id='word_1_70' title='bbox 390 1335 489 1420; x_wconf 89' lang='lat' dir='ltr'>euim,</span> <span class='ocrx_word' id='word_1_71' title='bbox 513 1337 599 1422; x_wconf 87' lang='lat' dir='ltr'>quod</span> <span class='ocrx_word' id='word_1_72' title='bbox 619 1337 798 1420; x_wconf 82' lang='lat' dir='ltr'><strong>Madvigius</strong></span> <span class='ocrx_word' id='word_1_73' title='bbox 821 1337 854 1406; x_wconf 93' lang='lat' dir='ltr'>in</span> <span class='ocrx_word' id='word_1_74' title='bbox 876 1339 1000 1405; x_wconf 84' lang='lat' dir='ltr'>emend.</span> <span class='ocrx_word' id='word_1_75' title='bbox 1022 1337 1092 1406; x_wconf 86' lang='lat' dir='ltr'><strong>Liv.</strong></span> <span class='ocrx_word' id='word_1_76' title='bbox 1114 1357 1186 1422; x_wconf 75' lang='lat' dir='ltr'>pag.</span> <span class='ocrx_word' id='word_1_77' title='bbox 1210 1336 1231 1400; x_wconf 88' lang='lat'>8</span> <span class='ocrx_word' id='word_1_78' title='bbox 1253 1357 1341 1420; x_wconf 81' lang='lat' dir='ltr'>aequ.</span> 
     </span>
     <span class='ocr_line' id='line_1_9' title="bbox 201 1441 1343 1526; baseline 0 -16"><span class='ocrx_word' id='word_1_79' title='bbox 201 1442 420 1512; x_wconf 79' lang='lat' dir='ltr'>illustrissima</span> <span class='ocrx_word' id='word_1_80' title='bbox 438 1442 678 1526; x_wconf 71' lang='lat' dir='ltr'>aemonstravit„</span> <span class='ocrx_word' id='word_1_81' title='bbox 700 1461 816 1526; x_wconf 83' lang='lat' dir='ltr'>magua</span> <span class='ocrx_word' id='word_1_82' title='bbox 832 1441 962 1510; x_wconf 86' lang='lat' dir='ltr'>lieentia</span> <span class='ocrx_word' id='word_1_83' title='bbox 983 1442 1017 1508; x_wconf 92' lang='lat' dir='ltr'>in</span> <span class='ocrx_word' id='word_1_84' title='bbox 1034 1441 1098 1510; x_wconf 87' lang='lat' dir='ltr'>fine</span> <span class='ocrx_word' id='word_1_85' title='bbox 1114 1460 1225 1510; x_wconf 80' lang='lat' dir='ltr'>vonum</span> <span class='ocrx_word' id='word_1_86' title='bbox 1248 1442 1343 1526; x_wconf 87' lang='lat' dir='ltr'>idque</span> 
     </span>
     <span class='ocr_line' id='line_1_10' title="bbox 202 1545 1343 1632; baseline -0.004 -16"><span class='ocrx_word' id='word_1_87' title='bbox 202 1547 297 1616; x_wconf 83' lang='lat' dir='ltr'>etiarn</span> <span class='ocrx_word' id='word_1_88' title='bbox 319 1547 352 1614; x_wconf 91' lang='lat' dir='ltr'>iu</span> <span class='ocrx_word' id='word_1_89' title='bbox 375 1546 605 1632; x_wconf 76' lang='lat' dir='ltr'><strong>antiquissimis</strong></span> <span class='ocrx_word' id='word_1_90' title='bbox 620 1545 812 1628; x_wconf 51' lang='lat' dir='ltr'>:colimbua¹</span> <span class='ocrx_word' id='word_1_91' title='bbox 831 1547 966 1617; x_wconf 81' lang='lat' dir='ltr'>maxime</span> <span class='ocrx_word' id='word_1_92' title='bbox 986 1546 1021 1614; x_wconf 91' lang='lat' dir='ltr'>in</span> <span class='ocrx_word' id='word_1_93' title='bbox 1043 1545 1106 1616; x_wconf 86' lang='lat' dir='ltr'>line</span> <span class='ocrx_word' id='word_1_94' title='bbox 1127 1565 1287 1630; x_wconf 83' lang='lat' dir='ltr'>versuum,</span> <span class='ocrx_word' id='word_1_95' title='bbox 1310 1551 1343 1614; x_wconf 89' lang='lat' dir='ltr'>et</span> 
     </span>
     <span class='ocr_line' id='line_1_11' title="bbox 200 1650 1348 1734; baseline -0.001 -15"><span class='ocrx_word' id='word_1_96' title='bbox 200 1652 233 1719; x_wconf 93' lang='lat' dir='ltr'>in</span> <span class='ocrx_word' id='word_1_97' title='bbox 257 1651 400 1720; x_wconf 85' lang='lat' dir='ltr'>codicum</span> <span class='ocrx_word' id='word_1_98' title='bbox 421 1650 624 1720; x_wconf 83' lang='lat' dir='ltr'>Livianurum</span> <span class='ocrx_word' id='word_1_99' title='bbox 653 1651 829 1734; x_wconf 82' lang='lat' dir='ltr'>archetypo</span> <span class='ocrx_word' id='word_1_100' title='bbox 855 1650 963 1734; x_wconf 83' lang='lat' dir='ltr'>posita</span> <span class='ocrx_word' id='word_1_101' title='bbox 985 1655 1049 1731; x_wconf 82' lang='lat' dir='ltr'>aat3</span> <span class='ocrx_word' id='word_1_102' title='bbox 1082 1656 1116 1717; x_wconf 89' lang='lat' dir='ltr'>et</span> <span class='ocrx_word' id='word_1_103' title='bbox 1137 1670 1175 1716; x_wconf 83' lang='lat' dir='ltr'>ax</span> <span class='ocrx_word' id='word_1_104' title='bbox 1199 1652 1348 1721; x_wconf 78' lang='lat' dir='ltr'><strong><em>AGIEM</em></strong></span> 
     </span>
     <span class='ocr_line' id='line_1_12' title="bbox 200 1753 1343 1839; baseline -0.003 -13"><span class='ocrx_word' id='word_1_105' title='bbox 200 1755 292 1826; x_wconf 77' lang='lat' dir='ltr'>facile</span> <span class='ocrx_word' id='word_1_106' title='bbox 304 1755 396 1822; x_wconf 83' lang='lat' dir='ltr'>REM</span> <span class='ocrx_word' id='word_1_107' title='bbox 410 1753 569 1838; x_wconf 86' lang='lat' dir='ltr'>proficisci</span> <span class='ocrx_word' id='word_1_108' title='bbox 590 1756 734 1839; x_wconf 81' lang='lat' dir='ltr'>potuisse</span> <span class='ocrx_word' id='word_1_109' title='bbox 752 1774 790 1822; x_wconf 88' lang='lat' dir='ltr'>eu</span> <span class='ocrx_word' id='word_1_110' title='bbox 809 1756 913 1839; x_wconf 77' lang='lat' dir='ltr'>magis</span> <span class='ocrx_word' id='word_1_111' title='bbox 935 1757 1058 1839; x_wconf 75' lang='lat' dir='ltr'>eladae,</span> <span class='ocrx_word' id='word_1_112' title='bbox 1083 1756 1166 1839; x_wconf 87' lang='lat' dir='ltr'>quud</span> <span class='ocrx_word' id='word_1_113' title='bbox 1185 1755 1219 1822; x_wconf 89' lang='lat' dir='ltr'>in</span> <span class='ocrx_word' id='word_1_114' title='bbox 1237 1755 1343 1825; x_wconf 82' lang='lat' dir='ltr'>audica</span> 
     </span>
     <span class='ocr_line' id='line_1_13' title="bbox 200 1858 1341 1943; baseline -0.006 -14"><span class='ocrx_word' id='word_1_115' title='bbox 200 1863 354 1942; x_wconf 84' lang='lat' dir='ltr'>Puteauu,</span> <span class='ocrx_word' id='word_1_116' title='bbox 385 1859 471 1942; x_wconf 88' lang='lat' dir='ltr'><strong>quod</strong></span> <span class='ocrx_word' id='word_1_117' title='bbox 491 1858 576 1926; x_wconf 87' lang='lat' dir='ltr'>idem</span> <span class='ocrx_word' id='word_1_118' title='bbox 597 1859 776 1943; x_wconf 75' lang='lat' dir='ltr'><strong>Madvigius</strong></span> <span class='ocrx_word' id='word_1_119' title='bbox 800 1859 943 1928; x_wconf 82' lang='lat' dir='ltr'>ostendit</span> <span class='ocrx_word' id='word_1_120' title='bbox 964 1861 998 1926; x_wconf 92' lang='lat' dir='ltr'>in</span> <span class='ocrx_word' id='word_1_121' title='bbox 1020 1859 1143 1927; x_wconf 87' lang='lat' dir='ltr'>emend.</span> <span class='ocrx_word' id='word_1_122' title='bbox 1179 1858 1247 1928; x_wconf 87' lang='lat' dir='ltr'><strong>Liv.</strong></span> <span class='ocrx_word' id='word_1_123' title='bbox 1270 1877 1341 1942; x_wconf 83' lang='lat' dir='ltr'>pag.</span> 
     </span>
     <span class='ocr_line' id='line_1_14' title="bbox 201 1963 1341 2054; baseline 0.002 -24"><span class='ocrx_word' id='word_1_124' title='bbox 201 1965 275 2049; x_wconf 78' lang='lat'>243,</span> <span class='ocrx_word' id='word_1_125' title='bbox 297 1983 361 2032; x_wconf 89' lang='lat' dir='ltr'>una</span> <span class='ocrx_word' id='word_1_126' title='bbox 383 1963 506 2048; x_wconf 83' lang='lat' dir='ltr'>syllaba</span> <span class='ocrx_word' id='word_1_127' title='bbox 527 1964 605 2048; x_wconf 85' lang='lat' dir='ltr'>(bue</span> <span class='ocrx_word' id='word_1_128' title='bbox 626 1965 695 2032; x_wconf 85' lang='lat' dir='ltr'>lucu</span> <span class='ocrx_word' id='word_1_129' title='bbox 716 1963 854 2033; x_wconf 83' lang='lat' dir='ltr'>fortasse</span> <span class='ocrx_word' id='word_1_130' title='bbox 874 1967 920 2046; x_wconf 71' lang='lat' dir='ltr'>a)</span> <span class='ocrx_word' id='word_1_131' title='bbox 942 1983 1039 2049; x_wconf 84' lang='lat' dir='ltr'>saepe</span> <span class='ocrx_word' id='word_1_132' title='bbox 1061 1965 1181 2054; x_wconf 83' lang='lat' dir='ltr'>omissa</span> <span class='ocrx_word' id='word_1_133' title='bbox 1202 1964 1281 2047; x_wconf 72' lang='lat' dir='ltr'>eat“</span> <span class='ocrx_word' id='word_1_134' title='bbox 1297 2001 1341 2011; x_wconf 82' lang='lat'>-</span> 
     </span>
     <span class='ocr_line' id='line_1_15' title="bbox 201 2067 1476 2153; baseline -0.004 -16"><span class='ocrx_word' id='word_1_135' title='bbox 201 2088 264 2153; x_wconf 87' lang='lat' dir='ltr'>qua</span> <span class='ocrx_word' id='word_1_136' title='bbox 286 2069 412 2136; x_wconf 87' lang='lat' dir='ltr'>ratione</span> <span class='ocrx_word' id='word_1_137' title='bbox 433 2069 530 2136; x_wconf 88' lang='lat' dir='ltr'>etiarn</span> <span class='ocrx_word' id='word_1_138' title='bbox 553 2068 760 2137; x_wconf 83' lang='lat' dir='ltr'>Gitlbauerus</span> <span class='ocrx_word' id='word_1_139' title='bbox 781 2070 815 2136; x_wconf 90' lang='lat' dir='ltr'>in</span> <span class='ocrx_word' id='word_1_140' title='bbox 838 2068 946 2138; x_wconf 80' lang='lat' dir='ltr'>abdiae</span> <span class='ocrx_word' id='word_1_141' title='bbox 965 2069 1204 2136; x_wconf 81' lang='lat' dir='ltr'>vindebonensi</span> <span class='ocrx_word' id='word_1_142' title='bbox 1225 2067 1340 2137; x_wconf 84' lang='lat' dir='ltr'>felicis·</span> <span class='ocrx_word' id='word_1_143' title='bbox 1473 2111 1476 2118; x_wconf 84' lang='lat'><em>-</em></span> 
     </span>
     <span class='ocr_line' id='line_1_16' title="bbox 202 2174 949 2265; baseline 0 -24"><span class='ocrx_word' id='word_1_144' title='bbox 202 2174 282 2265; x_wconf 86' lang='lat' dir='ltr'>aime</span> <span class='ocrx_word' id='word_1_145' title='bbox 304 2193 383 2243; x_wconf 84' lang='lat' dir='ltr'><strong>uuus</strong></span> <span class='ocrx_word' id='word_1_146' title='bbox 406 2179 466 2242; x_wconf 87' lang='lat' dir='ltr'>est.</span> <span class='ocrx_word' id='word_1_147' title='bbox 946 2191 949 2196; x_wconf 73' lang='grc'>’</span> 
     </span>
    </p>

    <p class='ocr_par' dir='ltr' id='par_1_4' title="bbox 199 2276 1343 3098">
     <span class='ocr_line' id='line_1_17' title="bbox 286 2276 1340 2366; baseline -0.004 -22"><span class='ocrx_word' id='word_1_148' title='bbox 286 2277 337 2344; x_wconf 87' lang='lat' dir='ltr'>De</span> <span class='ocrx_word' id='word_1_149' title='bbox 350 2276 494 2346; x_wconf 86' lang='lat' dir='ltr'>litterula</span> <span class='ocrx_word' id='word_1_150' title='bbox 504 2277 547 2360; x_wconf 89' lang='lat' dir='ltr'>M,</span> <span class='ocrx_word' id='word_1_151' title='bbox 559 2297 641 2362; x_wconf 87' lang='lat' dir='ltr'>quae</span> <span class='ocrx_word' id='word_1_152' title='bbox 654 2297 750 2366; x_wconf 88' lang='lat' dir='ltr'>saepe</span> <span class='ocrx_word' id='word_1_153' title='bbox 764 2281 797 2346; x_wconf 93' lang='lat' dir='ltr'>iu</span> <span class='ocrx_word' id='word_1_154' title='bbox 809 2279 871 2346; x_wconf 88' lang='lat' dir='ltr'>fine</span> <span class='ocrx_word' id='word_1_155' title='bbox 885 2298 997 2347; x_wconf 82' lang='lat' dir='ltr'>aeuum</span> <span class='ocrx_word' id='word_1_156' title='bbox 1009 2279 1117 2362; x_wconf 88' lang='lat' dir='ltr'>posita</span> <span class='ocrx_word' id='word_1_157' title='bbox 1130 2283 1189 2360; x_wconf 89' lang='lat' dir='ltr'>est,</span> <span class='ocrx_word' id='word_1_158' title='bbox 1198 2276 1235 2344; x_wconf 85' lang='lat' dir='ltr'>ei.</span> <span class='ocrx_word' id='word_1_159' title='bbox 1244 2277 1340 2359; x_wconf 88' lang='lat' dir='ltr'>XXll,</span> 
     </span>
     <span class='ocr_line' id='line_1_18' title="bbox 200 2381 1339 2470; baseline -0.001 -22"><span class='ocrx_word' id='word_1_160' title='bbox 200 2382 252 2466; x_wconf 89' lang='lat'>61,</span> <span class='ocrx_word' id='word_1_161' title='bbox 269 2381 304 2448; x_wconf 87' lang='lat'>2:</span> <span class='ocrx_word' id='word_1_162' title='bbox 391 2388 540 2468; x_wconf 87' lang='lat' dir='ltr'>„praeter</span> <span class='ocrx_word' id='word_1_163' title='bbox 558 2383 736 2470; x_wconf 84' lang='lat' dir='ltr'>exemplum</span> <span class='ocrx_word' id='word_1_164' title='bbox 758 2385 896 2463; x_wconf 82' lang='lat' dir='ltr'>eivitatie</span> <span class='ocrx_word' id='word_1_165' title='bbox 914 2384 1043 2452; x_wconf 87' lang='lat' dir='ltr'>minime</span> <span class='ocrx_word' id='word_1_166' title='bbox 1061 2383 1093 2449; x_wconf 92' lang='lat' dir='ltr'>in</span> <span class='ocrx_word' id='word_1_167' title='bbox 1112 2383 1256 2469; x_wconf 82' lang='lat' dir='ltr'>captivos</span> <span class='ocrx_word' id='word_1_168' title='bbox 1275 2381 1339 2448; x_wconf 88' lang='lat' dir='ltr'>iam</span> 
     </span>
     <span class='ocr_line' id='line_1_19' title="bbox 199 2485 1340 2573; baseline -0.001 -20"><span class='ocrx_word' id='word_1_169' title='bbox 199 2488 275 2555; x_wconf 86' lang='lat' dir='ltr'>inde</span> <span class='ocrx_word' id='word_1_170' title='bbox 297 2488 474 2571; x_wconf 86' lang='lat' dir='ltr'>antiquitus</span> <span class='ocrx_word' id='word_1_171' title='bbox 497 2487 703 2572; x_wconf 83' lang='lat' dir='ltr'>indulgentia,</span> <span class='ocrx_word' id='word_1_172' title='bbox 726 2490 879 2572; x_wconf 87' lang='lat' dir='ltr'>pecuniae</span> <span class='ocrx_word' id='word_1_173' title='bbox 901 2507 1027 2573; x_wconf 86' lang='lat' dir='ltr'>quoque</span> <span class='ocrx_word' id='word_1_174' title='bbox 1051 2505 1174 2554; x_wconf 87' lang='lat' dir='ltr'>summa</span> <span class='ocrx_word' id='word_1_175' title='bbox 1196 2485 1340 2552; x_wconf 83' lang='lat' dir='ltr'>homines</span> 
     </span>
     <span class='ocr_line' id='line_1_20' title="bbox 199 2591 1340 2679; baseline 0.002 -22"><span class='ocrx_word' id='word_1_176' title='bbox 199 2592 308 2674; x_wconf 73' lang='lat' dir='ltr'>movit,</span> <span class='ocrx_word' id='word_1_177' title='bbox 330 2615 428 2678; x_wconf 80' lang='lat' dir='ltr'>quam</span> <span class='ocrx_word' id='word_1_178' title='bbox 450 2594 532 2676; x_wconf 80' lang='lat' dir='ltr'>(aad.</span> <span class='ocrx_word' id='word_1_179' title='bbox 554 2593 641 2679; x_wconf 76' lang='lat' dir='ltr'>Pul.)</span> <span class='ocrx_word' id='word_1_180' title='bbox 664 2611 723 2662; x_wconf 87' lang='lat' dir='ltr'>uec</span> <span class='ocrx_word' id='word_1_181' title='bbox 745 2593 904 2660; x_wconf 85' lang='lat' dir='ltr'>aerarium</span> <span class='ocrx_word' id='word_1_182' title='bbox 927 2591 1109 2675; x_wconf 82' lang='lat' dir='ltr'>exhaurire,</span> <span class='ocrx_word' id='word_1_183' title='bbox 1139 2608 1255 2674; x_wconf 77' lang='lat' dir='ltr'>magna</span> <span class='ocrx_word' id='word_1_184' title='bbox 1268 2592 1340 2659; x_wconf 61' lang='lat' dir='ltr'>&gt;iam</span> 
     </span>
     <span class='ocr_line' id='line_1_21' title="bbox 199 2697 1343 2782; baseline -0.003 -19"><span class='ocrx_word' id='word_1_185' title='bbox 199 2714 322 2768; x_wconf 80' lang='lat' dir='ltr'>summu</span> <span class='ocrx_word' id='word_1_186' title='bbox 343 2703 473 2782; x_wconf 80' lang='lat' dir='ltr'>erogata</span> <span class='ocrx_word' id='word_1_187' title='bbox 494 2698 527 2766; x_wconf 91' lang='lat' dir='ltr'>in</span> <span class='ocrx_word' id='word_1_188' title='bbox 549 2703 659 2766; x_wconf 75' lang='lat' dir='ltr'>aereus</span> <span class='ocrx_word' id='word_1_189' title='bbox 688 2699 729 2767; x_wconf 85' lang='lat' dir='ltr'>ad</span> <span class='ocrx_word' id='word_1_190' title='bbox 755 2698 901 2778; x_wconf 83' lang='lat' dir='ltr'>militiam</span> <span class='ocrx_word' id='word_1_191' title='bbox 923 2698 1073 2767; x_wconf 82' lang='lat' dir='ltr'>emendos</span> <span class='ocrx_word' id='word_1_192' title='bbox 1096 2697 1343 2780; x_wconf 85' lang='lat' dir='ltr'>armandosque,</span> 
     </span>
     <span class='ocr_line' id='line_1_22' title="bbox 199 2801 1338 2886; baseline -0.002 -19"><span class='ocrx_word' id='word_1_193' title='bbox 199 2819 258 2868; x_wconf 85' lang='lat' dir='ltr'>naa</span> <span class='ocrx_word' id='word_1_194' title='bbox 278 2801 493 2872; x_wconf 85' lang='lat' dir='ltr'>Hannibalem</span> <span class='ocrx_word' id='word_1_195' title='bbox 514 2805 649 2872; x_wconf 83' lang='lat' dir='ltr'>maxima</span> <span class='ocrx_word' id='word_1_196' title='bbox 670 2803 803 2872; x_wconf 82' lang='lat' dir='ltr'>huiusce</span> <span class='ocrx_word' id='word_1_197' title='bbox 824 2805 890 2886; x_wconf 89' lang='lat' dir='ltr'>rei,</span> <span class='ocrx_word' id='word_1_198' title='bbox 913 2809 949 2873; x_wconf 89' lang='grc' dir='ltr'>ιιι</span> <span class='ocrx_word' id='word_1_199' title='bbox 970 2802 1055 2871; x_wconf 83' lang='lat' dir='ltr'>launa</span> <span class='ocrx_word' id='word_1_200' title='bbox 1077 2809 1162 2884; x_wconf 87' lang='lat' dir='ltr'>erat,</span> <span class='ocrx_word' id='word_1_201' title='bbox 1194 2805 1338 2884; x_wconf 83' lang='lat' dir='ltr'>egentem</span> 
     </span>
     <span class='ocr_line' id='line_1_23' title="bbox 199 2904 1338 2992; baseline -0.002 -20"><span class='ocrx_word' id='word_1_202' title='bbox 199 2904 384 2991; x_wconf 79' lang='lat' dir='ltr'>locupletari</span> <span class='ocrx_word' id='word_1_203' title='bbox 401 2907 581 2992; x_wconf 86' lang='lat' dir='ltr'>volebant,“</span> <span class='ocrx_word' id='word_1_204' title='bbox 603 2908 658 2977; x_wconf 92' lang='lat' dir='ltr'>ubi</span> <span class='ocrx_word' id='word_1_205' title='bbox 675 2908 775 2976; x_wconf 81' lang='lat' dir='ltr'>codex</span> <span class='ocrx_word' id='word_1_206' title='bbox 789 2907 952 2976; x_wconf 82' lang='lat' dir='ltr'>Mediaeus</span> <span class='ocrx_word' id='word_1_207' title='bbox 970 2914 1094 2976; x_wconf 84' lang='lat' dir='ltr'>reatum</span> <span class='ocrx_word' id='word_1_208' title='bbox 1114 2907 1236 2975; x_wconf 87' lang='lat' dir='ltr'>habere</span> <span class='ocrx_word' id='word_1_209' title='bbox 1252 2905 1338 2972; x_wconf 81' lang='lat' dir='ltr'>vide-</span> 
     </span>
     <span class='ocr_line' id='line_1_24' title="bbox 200 3007 1339 3098; baseline -0.005 -19"><span class='ocrx_word' id='word_1_210' title='bbox 200 3016 254 3079; x_wconf 86' lang='lat' dir='ltr'>tur</span> <span class='ocrx_word' id='word_1_211' title='bbox 274 3017 353 3098; x_wconf 74' lang='lat' dir='ltr'>qarbu</span> <span class='ocrx_word' id='word_1_212' title='bbox 374 3016 408 3078; x_wconf 87' lang='lat' dir='ltr'>et</span> <span class='ocrx_word' id='word_1_213' title='bbox 428 3013 525 3082; x_wconf 89' lang='lat' dir='ltr'>editio</span> <span class='ocrx_word' id='word_1_214' title='bbox 537 3012 750 3096; x_wconf 88' lang='lat' dir='ltr'>Frobeuiana,</span> <span class='ocrx_word' id='word_1_215' title='bbox 773 3013 894 3082; x_wconf 80' lang='lat' dir='ltr'>seilicet</span> <span class='ocrx_word' id='word_1_216' title='bbox 911 3011 1165 3082; x_wconf 79' lang='lat' dir='ltr'>siwuelfflinum</span> <span class='ocrx_word' id='word_1_217' title='bbox 1183 3007 1339 3093; x_wconf 80' lang='lat' dir='ltr'>sequaris.</span> 
     </span>
    </p>

    <p class='ocr_par' dir='ltr' id='par_1_5' title="bbox 198 3112 1341 3933">
     <span class='ocr_line' id='line_1_25' title="bbox 285 3112 1339 3203; baseline -0.005 -21"><span class='ocrx_word' id='word_1_218' title='bbox 285 3117 431 3201; x_wconf 87' lang='lat' dir='ltr'>Denique</span> <span class='ocrx_word' id='word_1_219' title='bbox 453 3118 500 3187; x_wconf 83' lang='lat' dir='ltr'>aia</span> <span class='ocrx_word' id='word_1_220' title='bbox 523 3120 659 3202; x_wconf 87' lang='lat' dir='ltr'>demum,</span> <span class='ocrx_word' id='word_1_221' title='bbox 681 3119 758 3203; x_wconf 90' lang='lat' dir='ltr'>quia</span> <span class='ocrx_word' id='word_1_222' title='bbox 778 3119 812 3186; x_wconf 92' lang='lat' dir='ltr'>in</span> <span class='ocrx_word' id='word_1_223' title='bbox 828 3119 965 3187; x_wconf 86' lang='lat' dir='ltr'>lectione</span> <span class='ocrx_word' id='word_1_224' title='bbox 977 3123 1045 3186; x_wconf 74' lang='lat' dir='ltr'>aete</span> <span class='ocrx_word' id='word_1_225' title='bbox 1059 3121 1235 3203; x_wconf 66' lang='lat' dir='ltr'>permeatus</span> <span class='ocrx_word' id='word_1_226' title='bbox 1247 3112 1339 3196; x_wconf 83' lang='lat' dir='ltr'>quasi</span> 
     </span>
     <span class='ocr_line' id='line_1_26' title="bbox 198 3220 1339 3310; baseline -0.002 -24"><span class='ocrx_word' id='word_1_227' title='bbox 198 3221 287 3290; x_wconf 84' lang='lat' dir='ltr'>loeus</span> <span class='ocrx_word' id='word_1_228' title='bbox 310 3222 438 3290; x_wconf 85' lang='lat' dir='ltr'>additus</span> <span class='ocrx_word' id='word_1_229' title='bbox 460 3228 518 3302; x_wconf 88' lang='lat' dir='ltr'>est,</span> <span class='ocrx_word' id='word_1_230' title='bbox 529 3271 531 3278; x_wconf 67' lang='grc'>.</span> <span class='ocrx_word' id='word_1_231' title='bbox 542 3225 625 3292; x_wconf 88' lang='lat' dir='ltr'>duae</span> <span class='ocrx_word' id='word_1_232' title='bbox 641 3224 818 3310; x_wconf 84' lang='lat' dir='ltr'>particulae</span> <span class='ocrx_word' id='word_1_233' title='bbox 840 3227 895 3292; x_wconf 83' lang='lat' dir='ltr'>abi</span> <span class='ocrx_word' id='word_1_234' title='bbox 908 3259 946 3272; x_wconf 85' lang='lat'><em>-</em></span> <span class='ocrx_word' id='word_1_235' title='bbox 958 3227 1014 3291; x_wconf 76' lang='lat' dir='ltr'>aba·</span> <span class='ocrx_word' id='word_1_236' title='bbox 1032 3222 1195 3308; x_wconf 86' lang='lat' dir='ltr'>praeclare</span> <span class='ocrx_word' id='word_1_237' title='bbox 1212 3220 1339 3300; x_wconf 84' lang='lat' dir='ltr'>cedunt,</span> 
     </span>
     <span class='ocr_line' id='line_1_27' title="bbox 200 3326 1338 3412; baseline -0.001 -21"><span class='ocrx_word' id='word_1_238' title='bbox 200 3330 384 3410; x_wconf 85' lang='lat' dir='ltr'>statumque</span> <span class='ocrx_word' id='word_1_239' title='bbox 412 3327 532 3409; x_wconf 88' lang='lat' dir='ltr'>proeli,</span> <span class='ocrx_word' id='word_1_240' title='bbox 566 3328 622 3395; x_wconf 92' lang='lat' dir='ltr'>ubi</span> <span class='ocrx_word' id='word_1_241' title='bbox 652 3346 764 3396; x_wconf 85' lang='lat' dir='ltr'>manus</span> <span class='ocrx_word' id='word_1_242' title='bbox 796 3332 1035 3409; x_wconf 78' lang='lat' dir='ltr'>conseruntur,¹</span> <span class='ocrx_word' id='word_1_243' title='bbox 1052 3326 1244 3412; x_wconf 84' lang='lat' dir='ltr'>descriptum</span> <span class='ocrx_word' id='word_1_244' title='bbox 1266 3343 1338 3392; x_wconf 83' lang='lat' dir='ltr'>esse</span> 
     </span>
     <span class='ocr_line' id='line_1_28' title="bbox 199 3429 1338 3516; baseline -0.003 -17"><span class='ocrx_word' id='word_1_245' title='bbox 199 3429 354 3513; x_wconf 66' lang='lat' dir='ltr'>absumo,</span> <span class='ocrx_word' id='word_1_246' title='bbox 377 3430 472 3499; x_wconf 83' lang='lat' dir='ltr'>sicuti</span> <span class='ocrx_word' id='word_1_247' title='bbox 494 3433 628 3516; x_wconf 83' lang='lat' dir='ltr'>exempli</span> <span class='ocrx_word' id='word_1_248' title='bbox 650 3449 747 3500; x_wconf 83' lang='lat' dir='ltr'>causa</span> <span class='ocrx_word' id='word_1_249' title='bbox 768 3433 913 3516; x_wconf 89' lang='lat' dir='ltr'>XXXlX‚</span> <span class='ocrx_word' id='word_1_250' title='bbox 928 3433 1017 3516; x_wconf 81' lang='lat' dir='ltr'>43,t</span> <span class='ocrx_word' id='word_1_251' title='bbox 1041 3433 1081 3500; x_wconf 90' lang='lat' dir='ltr'>de</span> <span class='ocrx_word' id='word_1_252' title='bbox 1104 3431 1197 3516; x_wconf 89' lang='lat' dir='ltr'>epulo</span> <span class='ocrx_word' id='word_1_253' title='bbox 1220 3429 1338 3497; x_wconf 84' lang='lat' dir='ltr'>dietum</span> 
     </span>
     <span class='ocr_line' id='line_1_29' title="bbox 199 3536 1341 3625; baseline 0 -23"><span class='ocrx_word' id='word_1_254' title='bbox 199 3538 268 3602; x_wconf 84' lang='lat' dir='ltr'>est:</span> <span class='ocrx_word' id='word_1_255' title='bbox 299 3539 400 3616; x_wconf 71' lang='lat' dir='ltr'>„ubter</span> <span class='ocrx_word' id='word_1_256' title='bbox 415 3541 536 3622; x_wconf 75' lang='lat' dir='ltr'>poeula</span> <span class='ocrx_word' id='word_1_257' title='bbox 557 3546 649 3624; x_wconf 80' lang='lat' dir='ltr'>atque</span> <span class='ocrx_word' id='word_1_258' title='bbox 670 3542 798 3622; x_wconf 71' lang='lat' dir='ltr'>epulas,</span> <span class='ocrx_word' id='word_1_259' title='bbox 831 3541 888 3606; x_wconf 80' lang='lat' dir='ltr'>uba·</span> <span class='ocrx_word' id='word_1_260' title='bbox 916 3537 1017 3606; x_wconf 84' lang='lat' dir='ltr'>libare</span> <span class='ocrx_word' id='word_1_261' title='bbox 1048 3537 1108 3604; x_wconf 85' lang='lat' dir='ltr'><strong>diis</strong></span> <span class='ocrx_word' id='word_1_262' title='bbox 1141 3536 1254 3625; x_wconf 81' lang='lat' dir='ltr'>dapes,</span> <span class='ocrx_word' id='word_1_263' title='bbox 1284 3537 1341 3602; x_wconf 75' lang='lat' dir='ltr'>aba·</span> 
     </span>
     <span class='ocr_line' id='line_1_30' title="bbox 198 3640 1338 3723; baseline -0.002 -17"><span class='ocrx_word' id='word_1_264' title='bbox 198 3640 279 3708; x_wconf 87' lang='lat' dir='ltr'>bene</span> <span class='ocrx_word' id='word_1_265' title='bbox 300 3642 423 3723; x_wconf 72' lang='lat' dir='ltr'>precari</span> <span class='ocrx_word' id='word_1_266' title='bbox 440 3659 512 3708; x_wconf 88' lang='lat' dir='ltr'>mos</span> <span class='ocrx_word' id='word_1_267' title='bbox 535 3646 623 3710; x_wconf 86' lang='lat' dir='ltr'>esset</span> <span class='ocrx_word' id='word_1_268' title='bbox 641 3677 682 3690; x_wconf 89' lang='lat'>--</span> <span class='ocrx_word' id='word_1_269' title='bbox 697 3645 867 3710; x_wconf 83' lang='lat' dir='ltr'>mactatum</span> <span class='ocrx_word' id='word_1_270' title='bbox 889 3641 1061 3711; x_wconf 86' lang='lat' dir='ltr'>humanam</span> <span class='ocrx_word' id='word_1_271' title='bbox 1083 3640 1244 3709; x_wconf 84' lang='lat' dir='ltr'>victimam</span> <span class='ocrx_word' id='word_1_272' title='bbox 1266 3657 1338 3704; x_wconf 89' lang='lat' dir='ltr'>esse</span> 
     </span>
     <span class='ocr_line' id='line_1_31' title="bbox 199 3745 1337 3830; baseline -0.002 -20"><span class='ocrx_word' id='word_1_273' title='bbox 199 3752 232 3810; x_wconf 92' lang='lat' dir='ltr'>et</span> <span class='ocrx_word' id='word_1_274' title='bbox 254 3761 366 3810; x_wconf 85' lang='lat' dir='ltr'>eruore</span> <span class='ocrx_word' id='word_1_275' title='bbox 387 3761 531 3812; x_wconf 80' lang='lat' dir='ltr'>mensam</span> <span class='ocrx_word' id='word_1_276' title='bbox 552 3745 767 3830; x_wconf 85' lang='lat' dir='ltr'>respersam;“</span> <span class='ocrx_word' id='word_1_277' title='bbox 789 3750 822 3811; x_wconf 90' lang='lat' dir='ltr'>et</span> <span class='ocrx_word' id='word_1_278' title='bbox 842 3745 974 3829; x_wconf 86' lang='lat' dir='ltr'>XXXV,</span> <span class='ocrx_word' id='word_1_279' title='bbox 996 3751 1042 3824; x_wconf 86' lang='lat' dir='ltr'>le,</span> <span class='ocrx_word' id='word_1_280' title='bbox 1060 3750 1098 3812; x_wconf 80' lang='lat'>4:</span> <span class='ocrx_word' id='word_1_281' title='bbox 1120 3747 1198 3829; x_wconf 83' lang='lat' dir='ltr'>„abi</span> <span class='ocrx_word' id='word_1_282' title='bbox 1216 3764 1337 3827; x_wconf 78' lang='lat' dir='ltr'>cunque</span> 
     </span>
     <span class='ocr_line' id='line_1_32' title="bbox 198 3847 961 3933; baseline 0.004 -20"><span class='ocrx_word' id='word_1_283' title='bbox 198 3847 293 3929; x_wconf 86' lang='lat' dir='ltr'>vires,</span> <span class='ocrx_word' id='word_1_284' title='bbox 315 3850 371 3914; x_wconf 80' lang='lat' dir='ltr'>uhi</span> <span class='ocrx_word' id='word_1_285' title='bbox 390 3865 480 3914; x_wconf 86' lang='lat' dir='ltr'>arma</span> <span class='ocrx_word' id='word_1_286' title='bbox 501 3866 572 3915; x_wconf 86' lang='lat' dir='ltr'>esse</span> <span class='ocrx_word' id='word_1_287' title='bbox 593 3849 704 3933; x_wconf 84' lang='lat' dir='ltr'>auiam,</span> <span class='ocrx_word' id='word_1_288' title='bbox 725 3853 786 3916; x_wconf 77' lang='lat' dir='ltr'>baa</span> <span class='ocrx_word' id='word_1_289' title='bbox 806 3850 961 3916; x_wconf 88' lang='lat' dir='ltr'>veniam.“</span> 
     </span>
    </p>

    <p class='ocr_par' dir='ltr' id='par_1_6' title="bbox 198 3953 1337 4235">
     <span class='ocr_line' id='line_1_33' title="bbox 284 3953 1335 4038; baseline -0.003 -20"><span class='ocrx_word' id='word_1_290' title='bbox 284 3953 397 4036; x_wconf 85' lang='lat' dir='ltr'>Neque</span> <span class='ocrx_word' id='word_1_291' title='bbox 413 3954 732 4038; x_wconf 86' lang='lat' dir='ltr'>praetermittendum</span> <span class='ocrx_word' id='word_1_292' title='bbox 750 3960 808 4038; x_wconf 86' lang='lat' dir='ltr'>est,</span> <span class='ocrx_word' id='word_1_293' title='bbox 831 3955 878 4022; x_wconf 84' lang='lat' dir='ltr'>sia</span> <span class='ocrx_word' id='word_1_294' title='bbox 901 3956 1025 4023; x_wconf 89' lang='lat' dir='ltr'>demum</span> <span class='ocrx_word' id='word_1_295' title='bbox 1048 3955 1144 4022; x_wconf 86' lang='lat' dir='ltr'>etiam</span> <span class='ocrx_word' id='word_1_296' title='bbox 1163 3955 1226 4020; x_wconf 87' lang='lat' dir='ltr'>due</span> <span class='ocrx_word' id='word_1_297' title='bbox 1244 3968 1335 4017; x_wconf 85' lang='lat' dir='ltr'>voea-</span> 
     </span>
     <span class='ocr_line' id='line_1_34' title="bbox 198 4055 1337 4146; baseline 0.004 -23"><span class='ocrx_word' id='word_1_298' title='bbox 198 4055 274 4124; x_wconf 90' lang='lat' dir='ltr'>bula</span> <span class='ocrx_word' id='word_1_299' title='bbox 294 4057 485 4138; x_wconf 78' lang='lat' dir='ltr'>gravissima</span> <span class='ocrx_word' id='word_1_300' title='bbox 498 4059 617 4144; x_wconf 86' lang='lat' dir='ltr'>optime</span> <span class='ocrx_word' id='word_1_301' title='bbox 632 4058 693 4126; x_wconf 87' lang='lat' dir='ltr'>sibi</span> <span class='ocrx_word' id='word_1_302' title='bbox 713 4061 925 4143; x_wconf 81' lang='lat' dir='ltr'>respondere:</span> <span class='ocrx_word' id='word_1_303' title='bbox 948 4066 1017 4130; x_wconf 78' lang='lat' dir='ltr'>acie</span> <span class='ocrx_word' id='word_1_304' title='bbox 1032 4065 1212 4146; x_wconf 68' lang='lat' dir='ltr'>parenaetica</span> <span class='ocrx_word' id='word_1_305' title='bbox 1228 4061 1261 4128; x_wconf 91' lang='lat' dir='ltr'>in</span> <span class='ocrx_word' id='word_1_306' title='bbox 1279 4062 1337 4128; x_wconf 88' lang='lat' dir='ltr'>der</span> 
     </span>
     <span class='ocr_line' id='line_1_35' title="bbox 198 4160 859 4235; baseline -0.003 -3"><span class='ocrx_word' id='word_1_307' title='bbox 198 4160 349 4232; x_wconf 80' lang='lat' dir='ltr'>Sahlaeht</span> <span class='ocrx_word' id='word_1_308' title='bbox 371 4197 412 4210; x_wconf 89' lang='lat'>-</span> <span class='ocrx_word' id='word_1_309' title='bbox 435 4167 560 4234; x_wconf 77' lang='grc' dir='ltr'>αιιαιιιι</span> <span class='ocrx_word' id='word_1_310' title='bbox 582 4161 640 4235; x_wconf 84' lang='lat' dir='ltr'>uui</span> <span class='ocrx_word' id='word_1_311' title='bbox 659 4164 714 4232; x_wconf 88' lang='lat' dir='ltr'>der</span> <span class='ocrx_word' id='word_1_312' title='bbox 735 4164 859 4234; x_wconf 80' lang='lat' dir='ltr'>Fluaht.</span> 
     </span>
    </p>
   </div>
   <div class='ocr_carea' id='block_1_4' title="bbox 0 0 1656 4956">
    <p class='ocr_par' dir='ltr' id='par_1_7' title="bbox 0 0 1656 4956">
     <span class='ocr_line' id='line_1_36' title="bbox 0 0 1656 4956; baseline 0 1"><span class='ocrx_word' id='word_1_313' title='bbox 0 0 1656 4956; x_wconf 95' lang='lat' dir='ltr'> </span> 
     </span>
    </p>
   </div>
  </div>
 </body>
</html>
