3302 4956
782 385 990 510 no„

309 619 490 705 sidereoque
520 621 652 702 possent
680 618 824 704 iuduci;“
857 619 1004 702 XXXIV,
1028 617 1079 702 ii,
1101 617 1143 684 4:
1173 617 1263 702 „ipsc
1273 622 1402 704 fiducia
1423 620 1456 683 ct

312 728 469 810 epmondo
490 728 587 807 utque
610 724 758 792 eudendo
780 725 972 792 cervicum
1270 773 1273 782 .

399 828 573 895 Praetereo
593 825 677 894 hunc
698 828 803 897 locum
824 826 1049 896 eonferendum
1083 845 1155 898 esso
1185 821 1279 912 putes
1310 843 1381 895 cum
1402 825 1453 904 iis,

313 951 396 1016 quae
417 931 540 1014 XXIX,
563 929 605 996 22
639 933 760 1016 scriptu
790 938 882 1014 sunt,
913 933 969 1002 ubi
1002 932 1147 1003 similitor
1177 951 1214 1000 ec
1242 937 1354 1000 nostro
1384 929 1453 998 loco

313 1037 431 1104 dictum
454 1043 520 1119 cst,
551 1042 734 1120 praetorem
747 1039 935 1130 ,Romanum
965 1038 1151 1123 legatosque
1173 1058 1193 1105 e
1214 1036 1360 1122 Scipione
1382 1035 1454 1104 bos-

311 1142 390 1224 pitio
405 1142 536 1210 comiter
548 1148 707 1226 acceptos,
727 1148 763 1210 ut
777 1149 886 1212 cestro
899 1149 932 1212 et
946 1144 1115 1212 exercitum
1128 1159 1290 1226 moresque
1304 1143 1453 1222 viserent,

313 1245 542 1314 circumductos
565 1265 646 1314 esse.
685 1251 706 1329 p
728 1249 766 1314 3:
797 1253 888 1330 „tum
908 1249 994 1316 circo
1016 1247 1263 1316 armamentorio
1284 1252 1315 1314 et
1339 1245 1455 1314 horreo

312 1350 472 1434 otiumque
504 1351 581 1418 belli
611 1357 802 1436 apparatum
823 1353 991 1420 uisendum
1013 1358 1143 1437 pructor
1165 1352 1325 1437 legatique
1347 1347 1453 1430 ducti3

312 1463 465 1540 tortoque
487 1457 655 1526 eiuratio
673 1457 873 1540 singulorum
889 1459 1174 1542 universorumque
1192 1475 1298 1526 rorum
1316 1456 1453 1536 incusso,

310 1568 348 1628 ut
371 1562 449 1628 setis
472 1561 638 1628 crederent
669 1566 727 1628 eut
751 1562 806 1629 illo
830 1563 911 1630 duco
931 1566 1029 1646 utque
1050 1563 1190 1632 exercitu
1211 1562 1295 1630 vinci
1318 1560 1453 1630 Ceribo-

312 1666 487 1749 ginieusem
509 1665 661 1749 populum
684 1672 740 1732 aut
763 1667 826 1733 elio
845 1667 932 1734 nullo
954 1685 1058 1750 posse,
1082 1667 1290 1750 iuberentque
1313 1702 1350 1716 -
1376 1664 1452 1730 troi·

311 1789 392 1852 cere,
415 1775 448 1836 et
464 1776 534 1856 spei
548 1778 720 1855 conceptae,
743 1786 805 1854 quo
828 1772 880 1840 die
897 1771 986 1840 iilum
1004 1790 1112 1840 omues
1129 1772 1292 1840 centuriae
1312 1769 1452 1853 priorem

310 1875 471 1942 consulem
492 1874 655 1958 dixissent,
677 1876 783 1961 primo
801 1893 926 1959 quoquc
943 1881 1087 1960 tempore
1104 1881 1280 1960 compotem
1301 1873 1452 1959 populum

310 1981 486 2046 Romanum
508 1978 612 2046 fecere
635 1981 743 2062 ....;“
778 1980 860 2047 sicut
880 1981 979 2063 igitur
1001 1981 1046 2050 ibi
1075 1981 1192 2050 dixeris
1219 1985 1399 2065 praetorem
1419 1983 1451 2042 ct

309 2084 433 2168 legatos
456 2101 494 2150 ex
516 2087 583 2150 toto
605 2090 764 2166 uppuretu
795 2102 885 2166 spem
906 2084 982 2152 boui
1003 2085 1079 2152 belli
1102 2091 1234 2152 eventus
1258 2083 1447 2168 concepisse,

308 2191 356 2260 ito
376 2193 488 2256 nostro
505 2187 573 2254 loco
590 2188 662 2255 iure
676 2189 858 2272 suspiceris,
881 2189 1072 2258 Heunibulis
1092 2191 1216 2274 legatos
1238 2189 1300 2258 sibi
1318 2190 1451 2272 dixisse,

310 2292 465 2377 Scipionis
487 2299 675 2376 apparacum
695 2311 767 2360 eum
785 2313 863 2375 esec,
887 2311 950 2376 quo
968 2316 1055 2378 opem
1067 2299 1289 2380 fidentemque
1309 2292 1451 2374 baberet,

310 2416 345 2465 se
366 2395 475 2464 hostes
497 2402 723 2480 superaturum
749 2416 837 2480 osse,
870 2416 950 2482 quos
983 2399 1051 2466 siue
1084 2398 1142 2466 coii
1173 2397 1290 2468 fiducie
1321 2399 1370 2466 vix
1391 2416 1450 2483 per

310 2507 418 2569 custru
440 2503 634 2570 circumduci
654 2520 771 2586 possus
792 2507 891 2570 esset
955 2565 956 2568 ,
1185 2563 1189 2572 .

396 2606 440 2672 Et
460 2610 497 2672 ut
518 2606 580 2674 hoc
598 2625 723 2689 quoque
740 2606 880 2689 oderam,
902 2607 1029 2678 Livium
1046 2608 1185 2676 oratorio
1198 2559 1291 2675 modo
1312 2607 1452 2676 libenter

309 2712 407 2779 verbo
427 2710 709 2796 magnipendens
738 2711 1014 2793 circumscribere,
1046 2711 1204 2798 plenoque
1235 2723 1306 2793 ore,
1337 2717 1375 2778 ut
1405 2713 1451 2778 itu

309 2817 421 2898 dicem,
445 2833 577 2882 narrare
599 2814 836 2899 solitumcssc,
858 2816 1022 2900 probabile
1044 2815 1105 2884 tibi
1126 2817 1178 2899 sit,
1201 2817 1326 2884 Livium
1348 2817 1450 2902 scrip·

308 2921 409 2988 sisser
441 2919 622 3003 „Hannibal
645 2919 725 2986 nihil
747 2921 876 3004 quidem
907 2940 1017 3004 eorum
1049 2940 1131 3006 quac
1153 2923 1447 2992 nunbubentm-

307 3025 392 3092 lueto
415 3025 522 3091 auimo
556 3025 662 3108 cudit,
694 3025 832 3093 maxime
864 3031 972 3094 temen
1004 3026 1105 3096 hostis
1132 3031 1385 3114 epcfidrur‘aprae
1407 3063 1449 3076 —

308 3133 461 3216 concepto
482 3148 652 3212 percussus
675 3134 754 3197 est“

394 3236 438 3301 At
459 3252 511 3302 me
531 3252 595 3303 non
615 3233 708 3319 fugit,
715 3234 923 3303 sententium
941 3235 1062 3304 scilicet
1083 3237 1248 3306 clariorem
1270 3177 1392 3320 iore,
1367 3255 1394 3306 er
1413 3236 1447 3304 id

308 3338 392 3420 quod
414 3342 575 3421 speretur,
598 3356 662 3406 non
684 3338 812 3406 demum
835 3359 874 3406 cx
895 3338 1012 3408 fiducie
1034 3347 1121 3410 essct
1142 3343 1359 3425 cogitandum,
1390 3342 1448 3408 sed

308 3447 417 3524 operte
439 3461 476 3510 so
498 3442 685 3526 praeberem
719 3461 782 3526 qua
803 3461 839 3510 rc
861 3444 980 3511 dixeris
1002 3444 1147 3529 fortasse,
1181 3452 1301 3515 rectum
1330 3463 1446 3531 coguo-

308 3546 392 3614 visse
405 3546 525 3613 Leoum
543 3546 769 3615 conicientem:
786 3548 942 3629 „moxime
954 3557 1118 3618 occumbite
1129 3551 1232 3620 bostis
1249 3549 1448 3635 fiduciaquc“

307 3649 346 3716 ci.
370 3648 576 3720 Rbeiuiscbes
599 3650 748 3718 Museum
769 3648 820 3718 fiir
841 3651 1017 3736 Philologie
1037 3639 1103 3722 voi.¹
1122 3654 1175 3738 35,
1197 3675 1275 3741 pers
1296 3656 1327 3724 2.

395 3753 540 3823 Concedo
560 3756 720 3840 equidem,
751 3756 785 3824 iu
806 3757 960 3824 vocabulo
983 3764 1014 3824 si
1032 3758 1182 3844 reliquias
1204 3762 1339 3830 olicuius
1361 3761 1445 3828 vocis

307 3859 385 3926 sitos
408 3877 488 3942 esse,
511 3879 593 3944 quoe
615 3879 766 3944 magnum
787 3862 913 3944 pondus
936 3861 1088 3946 continet,
1109 3869 1143 3932 et
1163 3883 1299 3951 pro-sue
1315 3867 1348 3932 vi
1370 3872 1446 3934 ente

307 3963 486 4046 genetivum
504 3968 599 4032 boote
624 3965 806 4034 collocanda
829 3969 894 4047 est,
914 3966 975 4034 sed
996 3970 1104 4036 tomen
1129 3987 1244 4036 censeo
1266 3969 1445 4038 coniectura

307 4073 470 4136 securitate
492 4071 612 4154 textum
630 4069 724 4136 nimis
742 4068 868 4152 mutcri,
891 4085 949 4138 noc
967 4071 1133 4156 probabile
1150 4091 1229 4159 cese,
1252 4078 1301 4142 iot
1322 4074 1443 4142 litteras

308 4171 471 4244 excidisse
611 4223 615 4229 .
