3302 4956
769 457 809 523 ti.

304 667 433 736 Deinde
459 667 625 752 rogatione
657 691 717 750 „aa
737 677 808 736 atro
830 673 957 736 tandem
976 675 1087 756 penore
1108 675 1159 738 lae
1178 677 1241 752 eat„
1262 693 1361 758 paam

217 774 430 854 alnopnmaau
463 772 541 841 nibil
574 773 663 842 aliud
696 774 924 858 distinguitur,
964 793 1075 862 quam-¹
1092 780 1200 843 utrum
1233 776 1288 843 lex
1318 775 1361 843 sit

159 919 160 922 =
218 882 367 961 aeterna,
381 896 423 945 an
436 897 508 948 cum
523 879 852 966 tempore-mutabilis.
877 879 960 947 sicut
972 885 1080 947 antem
1096 880 1172 949 illae
1188 879 1360 969 perpetuae

218 987 250 1049 et
284 988 434 1052 aeternae
465 984 569 1068 leges,
608 984 758 1067 quoniam
789 985 882 1067 quasi
912 983 1153 1053 fundamentum
1186 987 1259 1073 ipsa
1289 1005 1360 1053 cum

218 1087 370 1154 societate
387 1094 572 1170 naseuntur,
597 1093 672 1154 sunt
693 1089 938 1172 vetustissimae,
958 1091 1006 1158 ita
1021 1107 1091 1174 weam,
1113 1109 1192 1174 quas
1215 1097 1360 1174 tempora

218 1190 326 1275 aliqua
340 1191 611 1276 desideraverunt,
629 1189 716 1277 quod
730 1197 806 1259 sunt
818 1194 1022 1278 posteriores,
1034 1212 1135 1262 novae
1149 1195 1361 1262 nominandae

217 1301 301 1362 sunt.
323 1301 491 1382 praeterea
505 1315 576 1363 cum
589 1297 622 1364 in
643 1297 862 1384 perpetuitate
884 1298 991 1382 legum
1011 1303 1043 1366 et
1056 1300 1248 1368 aeternitate
1262 1300 1359 1366 situm

217 1405 280 1482 est,
311 1419 367 1468 eas
401 1401 597 1469 necessarias
627 1420 712 1480 esse,
745 1406 821 1468 sunt
849 1402 937 1486 leges
966 1404 1201 1470 vetustissimae
1230 1403 1360 1471 eaedem

216 1504 355 1574 maxime
376 1507 583 1574 necessariae.
610 1524 704 1589 quam
719 1507 803 1572 viam
826 1508 854 1573 si
876 1509 1090 1592 persequaris,
1112 1527 1212 1576 novas
1234 1527 1360 1593 quoqne

216 1608 304 1692 leges
327 1610 495 1694 intellegas
519 1609 667 1678 fortuitas
690 1628 771 1679 esse.

303 1714 384 1782 Tum
397 1715 545 1782 Valerius
557 1734 628 1782 cunr
640 1735 703 1782 non
716 1717 800 1782 inter
815 1713 925 1783 doctos
940 1715 1095 1800 homines,
1111 1719 1212 1786 sedin
1224 1719 1359 1786 comitiis

215 1821 421 1904 peroraverit
434 1821 604 1888 vetustatis
619 1823 840 1888 auctoritatam
854 1821 999 1904 inprimis
1013 1822 1169 1891 extulisse
1183 1823 1263 1891 mihi
1273 1824 1359 1891 vide·

216 1932 270 1992 tur
291 1928 452 2013 opinanti,
484 1927 525 1994 ab
560 1931 696 2009 oratore,
720 1928 774 2010 qui
796 1927 897 2009 legem
921 1927 1060 2011 aliquam
1081 1934 1221 1998 veterem
1243 1935 1275 1997 et
1296 1931 1359 1996 iam

215 2031 390 2098 maioribus
409 2035 644 2100 sacrosanctam
658 2031 806 2118 appellet,
829 2031 931 2114 magis
944 2033 1066 2099 moveri
1087 2034 1241 2121 populum
1264 2054 1358 2119 qnam

215 2136 256 2202 ab
273 2154 320 2218 eo,
343 2137 398 2219 qui
413 2135 629 2204 neeessariam
645 2153 714 2202 eam
729 2155 799 2204 esse
823 2136 971 2204 disserat.
994 2137 1179 2222 antiquitati
1196 2139 1280 2207 enim
1293 2159 1358 2206 orn-

215 2241 307 2307 nibus
326 2239 524 2326 temporibus
539 2257 696 2307 summurn
712 2242 837 2327 pondus
851 2240 1005 2309 tribuitur
1023 2247 1057 2308 et
1066 2266 1159 2328 caepe
1172 2249 1207 2310 ia
1221 2249 1359 2331 antiquis

216 2347 308 2411 radias
329 2351 448 2412 a'mr'lr'n
468 2351 537 2412 aeri
550 2368 614 2429 pro
638 2353 720 2412 ceria
741 2345 950 2429 accipiuntur.
973 2352 1007 2414 et
1023 2347 1224 2434 ipseLivius‚
1247 2349 1302 2415 ubi
1318 2349 1358 2415 de

214 2451 368 2517 novandis
383 2447 478 2517 rebus
495 2451 608 2532 agitur,
622 2450 758 2516 libenter
775 2449 950 2516 novitatem
969 2457 1002 2518 et
1016 2456 1209 2520 vetustatem
1226 2454 1310 2520 inter
1323 2472 1358 2520 se

215 2553 356 2638 opponit,
366 2557 404 2619 ut
412 2553 550 2637 exempli
562 2573 657 2620 causa
668 2555 840 2622 videndum
853 2559 903 2622 est
916 2573 957 2620 ex
965 2552 1120 2639 XXXIV,
1134 2560 1185 2641 54,
1198 2562 1217 2623 4
1230 2562 1263 2624 et
1273 2576 1358 2643 squ:

212 2658 349 2738 „horum
364 2658 515 2726 aedilium
530 2659 623 2726 ludos
633 2660 793 2728 Romanos
804 2660 942 2744 primum
957 2665 1088 2729 senatus
1099 2663 1246 2750 apopulo
1256 2681 1358 2738 secre-

213 2769 265 2830 tus
281 2763 451 2846 spectavit3
473 2765 684 2848 praebuitque
706 2781 878 2847 sermones,
902 2766 984 2832 siout
1006 2772 1109 2832 omnia
1131 2773 1255 2834 aeones
1273 2772 1356 2850 solet,

213 2867 282 2933 aliis
304 2868 441 2950 tandem,
465 2869 550 2950 quod
571 2869 673 2934 multo
695 2873 770 2936 ante
792 2869 957 2950 debuerit,
991 2870 1146 2937 tributum
1171 2872 1356 2938 existiman-

213 2971 298 3039 tibus
321 2970 516 3057 amplissimo
539 2971 640 3038 ordini
654 3018 661 3035 .
673 3023 680 3037 .
693 3023 700 3038 .
712 2974 739 3040 .“
755 2977 788 3038 et
800 2970 916 3057 inlra§
932 2979 969 3042 6:
992 2979 1058 3056 „ad
1076 2981 1357 3063 par'apaaleac'mam

212 3081 511 3162 qrrmqaapeairnam
526 3084 670 3142 octavam
685 3097 810 3144 annana
824 3077 857 3141 in
874 3077 1056 3160 promiscuo
1073 3084 1252 3166 speetatum
1266 3099 1353 3147 esse:
1450 3133 1453 3137 -

212 3180 288 3263 quid
301 3185 434 3267 repente
447 3179 573 3262 lactum,
595 3199 653 3248 aur
667 3182 837 3250 immisceri
859 3181 921 3249 sibi
934 3184 969 3249 in
982 3201 1080 3252 cavea
1101 3191 1211 3270 patres
1233 3186 1357 3270 plebem

211 3285 347 3366 nollent,
383 3304 438 3376 our
462 3286 551 3351 dives
574 3305 749 3373 pauperem
772 3305 992 3354 consessorem
1022 3287 1205 3356 fastidiret?
1240 3314 1357 3358 aonam

212 3383 383 3470 superbam
406 3388 581 3471 libidinem,
604 3390 644 3456 ab
664 3390 781 3458 nullius
800 3396 875 3458 ante
893 3394 998 3475 gentis
1017 3399 1131 3461 senatu
1149 3412 1251 3478 neque
1273 3397 1357 3463 desi-

212 3493 357 3560 deratam
374 3513 477 3578 neque
493 3495 680 3562 institutam.
704 3501 867 3583 postremo
890 3497 995 3581 ipsum
1014 3518 1144 3582 quoque
1158 3498 1357 3582 ,Africanum
1438 3569 1440 3574 ,

211 3598 296 3680 quod
319 3599 431 3664 consul
452 3603 566 3666 auctor
589 3598 658 3667 eius
679 3600 729 3667 rai
749 3599 872 3685 inisset,
895 3603 1095 3686 paenituisse
1115 3602 1232 3670 terunt.
1274 3605 1355 3671 adeo

209 3703 288 3769 nibil
322 3705 444 3770 motum
467 3724 505 3771 ex
527 3711 657 3792 caepae
685 3704 850 3790 probabile
880 3712 948 3773 est:
978 3711 1145 3790 caradas,
1177 3710 1240 3777 nisi
1274 3727 1358 3792 quae

211 3827 289 3876 usus
310 3808 475 3875 evidenter
497 3809 611 3892 arguit,
644 3811 724 3877 stari
745 3809 870 3877 malunt
879 3815 907 3893 ;“
940 3809 977 3878 ct
1001 3812 1099 3880 etiam
1119 3809 1280 3897 XXXIX,
1303 3814 1356 3898 36,

212 3912 250 3977 4:
274 3918 372 3999 „tepea
392 3919 618 3981 retardabantur
639 3914 839 4001 auroqaaass
1366 4007 1367 4010 Ἴ

295 4017 442 4100 Denique
464 4019 494 4085 si
515 4037 579 4084 non
608 4023 673 4086 tam
702 4024 827 4088 veteres
858 4025 914 4088 aut
936 4039 1036 4090 novas
1058 4041 1129 4090 esse
1151 4023 1238 4105 leges
1261 4043 1355 4106 quam

153 4147 156 4154 ·
210 4121 409 4190 necessarias
441 4128 497 4190 ant
526 4123 676 4190 fortuitas
709 4123 819 4192 Liuius
855 4126 959 4194 dicere
993 4127 1164 4210 uoluisset,
1200 4127 1355 4196 eiusmodi

210 4225 309 4294 verba
330 4245 395 4292 non
416 4227 450 4294 in
471 4229 564 4298 initio
588 4229 742 4298 orationis
766 4230 959 4300 collocasset.
