3302 4956
712 395 921 496 „jc-

242 609 306 678 εειις
319 643 360 658 -·
373 625 467 694 quam
486 609 529 675 ad
547 607 741 694 scripturam
763 607 804 675 ob
826 607 860 675 id
874 625 1001 690 quoque
1023 604 1173 691 adducor,
1195 609 1280 692 quod
1300 609 1387 676 abla-

245 716 346 782 tivum
367 737 430 800 quo
463 716 543 799 (quo
565 718 726 798 redempta
746 715 823 782 orba
845 713 922 794 eat),
955 711 1018 778 nisi
1050 712 1237 778 vocabulum
1268 737 1386 781 aarum

244 819 412 900 antecedit,
435 818 562 885 omniuo
576 837 640 884 non
654 817 822 885 convenire
835 817 991 883 existimo.
1016 816 1187 900 quidecim
1205 818 1238 883 in
1257 837 1387 902 sequen-

244 924 331 991 tibus
354 932 592 990 voxmatrooae
606 921 786 990 subiectum
805 926 864 1002 cst,
886 922 984 1004 idque
997 921 1187 989 uocabulum
1209 942 1267 1008 per
1289 927 1389 991 totam

244 1029 411 1115 periodum
433 1045 592 1094 summum
610 1027 734 1095 obtinet
751 1027 888 1114 pondus,
911 1026 1089 1111 exspectari
1111 1025 1189 1092 mihi
1209 1027 1336 1095 videtur
1357 1030 1389 1096 in

246 1133 401 1200 eiusmodi
422 1131 593 1198 vorborum
617 1132 730 1199 ordine
751 1131 831 1198 haec
848 1131 1023 1216 scriptura:
1046 1137 1138 1213 „iam
1160 1134 1236 1198 ordo
1257 1143 1351 1218 capro
1368 1158 1390 1201 o

250 1243 361 1320 Gallia,
383 1259 406 1304 a
427 1259 501 1322 quo
523 1239 684 1320 redornpta
706 1239 782 1303 orda
798 1236 872 1318 eat,“
894 1240 931 1300 ut
954 1233 1062 1302 statim
1085 1240 1251 1321 appareat,
1273 1242 1389 1304 matro-

245 1361 303 1410 nas
326 1340 501 1408 redemisse
523 1339 752 1424 rempublicam
770 1363 811 1400 =
829 1345 879 1406 ala
901 1344 949 1406 die
970 1342 1062 1406 Stodr
1081 1361 1142 1405 ooo
1163 1344 1223 1406 deo
1249 1341 1390 1410 Gallico

246 1453 480 1533 eropeaooomeo
501 1459 581 1526 war,
603 1467 664 1510 oon
686 1467 766 1511 roem
783 1449 891 1511 worda
912 1449 957 1510 aie
978 1444 1200 1530 lorpekorpd?“
1226 1449 1258 1510 et
1279 1446 1309 1512 si
1332 1447 1390 1514 tibi

247 1549 329 1618 forte
351 1552 506 1630 occurrat,
529 1565 638 1615 vocem
660 1572 789 1632 aarum,
821 1549 895 1632 quia
916 1548 950 1613 in
973 1547 1134 1614 codicibus
1158 1548 1292 1617 diversis
1314 1551 1391 1618 locis

246 1657 354 1744 posita
375 1658 442 1736 est,
476 1654 509 1718 in
531 1653 704 1738 archetypo
733 1653 870 1736 margini
897 1653 1092 1738 adscriptam
1114 1652 1330 1735 fuisse-uude
1351 1657 1391 1722 ab

248 1757 528 1844 interpolatoribus
547 1759 635 1824 varia
655 1757 689 1823 in
711 1763 832 1824 textum
855 1758 977 1824 inserta
995 1775 1066 1824 esse
1085 1757 1258 1838 videretur,
1281 1761 1391 1827 dubito

249 1865 385 1952 primum
396 1911 406 1944 ,
429 1879 504 1928 num
528 1861 625 1928 verbo
647 1870 799 1950 conferre,
822 1863 907 1945 quod
930 1861 1058 1945 quidem
1080 1864 1166 1947 apud
1188 1863 1314 1930 Livium
1336 1865 1391 1932 aii·

249 1969 373 2054 quoties
395 1969 542 2036 absolute
562 1968 702 2053 positum
724 1973 783 2049 est,
806 1967 867 2035 hoo
889 1969 959 2035 loeo
982 1967 1052 2034 siue
1074 1967 1196 2036 obiecto
1218 1970 1266 2036 uti
1287 1970 1392 2054 liceat,

197 2131 201 2136 .
250 2075 325 2158 quia
346 2074 390 2151 id,
413 2073 497 2156 quod
518 2077 685 2139 matronae
703 2074 861 2140 dederunt
877 2071 1005 2157 (aurum
1022 2073 1105 2138 enim
1119 2073 1278 2156 siguificat
1300 2094 1392 2142 orna·

249 2177 369 2261 menta)
402 2170 661 2260 distinguendum
691 2195 763 2244 esse
793 2195 905 2244 conseo
937 2196 956 2243 a
984 2177 1142 2262 pecuniis,
1173 2178 1287 2261 quibus
1310 2180 1328 2263 ς
1352 2180 1393 2244 lo

249 2288 383 2367 „viduae
396 2286 587 2349 adiuverunt
598 2281 802 2360 oerara'om;“
824 2280 940 2347 deiude
955 2279 1058 2361 video,
1076 2281 1265 2366 scriptorem
1279 2283 1393 2351 iisdem

250 2388 356 2454 vorbis
378 2390 514 2469 (aarum
536 2387 697 2472 conferre)
729 2386 763 2450 in
795 2385 1004 2452 describenda
1034 2402 1072 2452 ea
1102 2404 1138 2452 re
1166 2405 1292 2474 semper
1320 2407 1393 2456 con-

250 2493 367 2559 iunctis
389 2509 482 2556 usum
506 2507 586 2572 esse,
609 2495 646 2556 ut
668 2490 705 2572 V,
720 2489 773 2570 50,
788 2489 825 2554 6:
848 2513 996 2573 ,floram
1020 2490 1104 2572 quod
1126 2489 1227 2558 Gallis
1242 2499 1394 2579 ereptum

252 2601 330 2676 erat,
353 2597 501 2678 quodque
524 2613 565 2660 cx
587 2594 657 2660 aliis
681 2595 809 2679 templis
903 2595 936 2661 iu
956 2595 1046 2661 Jovis
1070 2595 1181 2662 cellam
1202 2602 1394 2665 cmrluromf‘

253 2707 286 2768 et
302 2701 339 2779 V,
352 2700 403 2780 50,
417 2699 454 2764 7:
477 2699 559 2779 „iam
575 2701 649 2765 ante
670 2698 703 2763 in
722 2716 759 2764 co
777 2698 888 2781 religio
911 2698 1050 2765 civitatis
1073 2707 1279 2784 apparuerat,
1302 2705 1393 2786 quod,

253 2825 324 2872 cum
346 2805 380 2870 in
402 2802 528 2888 publico
550 2802 676 2870 deesset
698 2825 828 2883 aarum,
860 2791 898 2869 eu
921 2822 982 2885 quo
1096 2803 1252 2886 confieret,
1286 2827 1394 2874 ama·

253 2909 353 2976 tronis
377 2912 537 2974 coelatum
556 2911 746 2992 acceperant
755 2909 780 2988 ;“
802 2912 969 2990 praeterea
988 2905 1102 2973 XXVI
1105 2959 1111 2991 ,
1128 2915 1179 2992 36,
1195 2914 1232 2974 5:
1255 2935 1395 2994 ,aarum

254 3016 421 3094 argeutum
444 3029 498 3077 aes
608 3013 639 3076 in
662 3011 824 3096 publicum
856 3013 1089 3099 conseramoa‚“
1122 3015 1283 3099 pauloque
1313 3015 1396 3082 inira

253 3117 347 3200 §112
370 3121 505 3196 „senatu
527 3116 602 3183 inde
624 3117 719 3183 misso
741 3135 800 3200 pro
823 3119 1011 3200 aequisque
1032 3142 1152 3186 azaram
1175 3125 1341 3203 argentum
1363 3125 1396 3186 et

255 3239 309 3290 aas
331 3221 364 3287 in
386 3220 746 3306 publicumcooforoar;
768 3218 927 3305 XXXIV,
944 3229 972 3305 6,
991 3223 1046 3287 14:
1069 3247 1212 3306 „aorom
1231 3229 1263 3290 ot
1284 3245 1395 3309 argen-

255 3333 323 3398 tum·
346 3345 438 3395 omne
465 3327 505 3392 ab
536 3327 735 3394 senatoribus
765 3327 834 3393 eius
867 3328 914 3394 rei
947 3328 1037 3394 initio
1067 3335 1138 3396 orto
1169 3330 1203 3398 in
1235 3330 1396 3416 publicum

255 3430 524 3520 couscredomocr.“
557 3517 561 3525 ἱ

342 3537 387 3601 Ut
400 3535 507 3618 igitur,
522 3554 604 3617 quae
619 3534 723 3601 adhuc
736 3533 877 3620 exposui,
888 3537 1163 3622 comprehendam,
1185 3539 1257 3620 lego
1270 3539 1396 3606 interim

256 3660 327 3707 cum
356 3639 462 3705 codice
485 3639 594 3704 Bamb.
618 3644 651 3704 et
673 3639 811 3723 editione
832 3641 929 3708 Basil.
955 3641 1057 3706 1539:
1089 3649 1173 3720 „rom
1204 3646 1280 3709 orbo
1301 3653 1396 3727 capro

255 3771 278 3815 a
297 3751 407 3824 Galles,
429 3768 580 3824 acroam,
602 3769 673 3832 prro
691 3751 851 3830 redempta
866 3749 945 3812 'eorda
958 3756 1008 3826 eat,
1029 3769 1160 3831 merope
1176 3757 1357 3814 matroaae.
1370 3797 1394 3813 ..

255 3858 289 3918 o'n
305 3849 705 3936 puhlicomoootuleroot“
726 3851 783 3916 sed
805 3851 866 3916 hac
887 3851 920 3916 iu
943 3851 1102 3935 scriptura
1125 3870 1218 3935 quam
1241 3870 1306 3919 nou
1324 3870 1396 3917 eon·

257 3955 365 4021 veniat
385 3953 543 4046 particula
564 3977 684 4039 nempe,
707 3953 770 4020 iam
787 3955 935 4022 Dukerus
958 3959 991 4020 ct
1007 3956 1283 4022 Weissenboruius
1306 3956 1396 4024 intel·

257 4060 418 4135 laxarunt,
450 4075 509 4124 uec
531 4077 602 4124 esse
624 4077 813 4142 quemquam
834 4064 924 4144 puto,
956 4059 1011 4142 qui
1033 4059 1066 4124 id
1088 4077 1149 4124 non
1173 4059 1300 4128 sentiat
1323 4080 1396 4126 nam
1449 4105 1457 4116 -

258 4163 287 4228 si
309 4164 349 4231 ad
372 4181 523 4230 conexum
545 4161 640 4230 huius
671 4162 875 4231 alacerrimae
904 4163 1057 4230 orationis
1087 4163 1226 4229 animum
1257 4165 1396 4246 adverto,
