3302 4956
848 421 890 503 34

299 645 383 718 dicta
405 648 483 718 mihi
504 649 662 735 videntur,
680 666 783 732 neque
795 647 909 729 ironia,
927 666 992 730 qua
1009 642 1158 712 mulieres
1173 648 1281 711 orator
1294 643 1438 726 castigat,

297 756 400 823 maior
414 773 486 824 esse
500 757 617 840 potest,
635 771 730 838 quam
746 754 775 822 si
787 750 872 820 illius
891 750 1011 819 ordinis
1030 749 1294 816 auctoritatem
1312 747 1439 814 licentia

296 858 484 927 feminarum
505 858 681 941 confertum
715 855 753 926 ci.
776 855 804 940 1,
837 861 889 940 32,
919 854 979 919 12:
1000 853 1099 939 „quid
1120 854 1254 922 censes?
1279 889 1317 899 —
1338 869 1438 938 parvo

296 965 413 1048 pioque
436 964 542 1031 duello
563 967 760 1050 qttasrsndas
781 964 865 1044 (res)
886 961 1031 1037 oense0,·“
1063 960 1101 1041 V,
1124 959 1176 1041 22,
1199 961 1236 1024 3:
1269 957 1368 1041 „quid
1398 957 1439 1020 de

296 1069 416 1152 praeda
438 1073 629 1154 san'encinm
662 1076 837 1145 senserenn
869 1062 1048 1147 XXXVII,
1071 1061 1129 1142 55,
1151 1063 1190 1127 3:
1222 1067 1277 1146 „et
1309 1066 1438 1129 senatus

296 1195 368 1238 eant
383 1177 500 1257 passm
522 1175 714 1238 servandam
735 1170 885 1238 canenti

383 1277 426 1342 Et
448 1295 606 1342 summum
628 1279 822 1342 momentum
844 1273 997 1342 hocloco
1019 1274 1059 1340 in¹
1073 1272 1170 1340 verbo
1203 1280 1327 1339 enzsent
1354 1270 1438 1356 posi-

296 1383 364 1444 tum
388 1397 458 1446 esse
480 1399 519 1447 eo
540 1377 642 1462 magis
674 1378 839 1459 existimo,
871 1378 956 1461 quod
988 1379 1085 1446 etism
1117 1377 1316 1462 respondens
1347 1393 1438 1442 voca·

295 1483 406 1550 bulum
421 1487 510 1568 plebi
528 1489 662 1551 suadent
680 1483 714 1548 in
736 1482 877 1549 conciliis
898 1481 1171 1564 nominibusque,
1195 1499 1278 1563 quae
1302 1480 1437 1546 comitiis

295 1589 494 1672 antecedunt,
516 1591 671 1658 usitatum
690 1594 751 1670 est,
767 1590 866 1656 itaut
882 1587 941 1655 tali
958 1589 1052 1654 modo
1072 1605 1229 1655 summum
1246 1591 1280 1652 et
1296 1585 1447 1653 infimum-

296 1691 462 1760 concilium
484 1695 568 1760 inter
590 1713 627 1761 se
649 1697 859 1781 opponantur.

382 1797 526 1881 Denique
548 1817 620 1864 eum
643 1817 681 1863 ex
702 1798 809 1864 verbis
830 1802 976 1866 nedicunt
997 1815 1090 1865 nemo
1113 1797 1244 1873 dubitet,
1267 1796 1344 1880 quin
1366 1815 1437 1880 per-

295 1899 387 1968 iacile
408 1907 510 1968 attam
544 1902 719 1984 exstiterit,
752 1908 785 1968 st
817 1902 897 1970 alias
931 1919 1057 1986 quoque
1078 1900 1188 1968 Livius
1211 1901 1271 1968 hae
1297 1901 1438 1966 oratione

296 2009 417 2086 utatur,
440 2006 489 2072 uti
510 2003 675 2089 XXXIX,
698 2005 751 2090 28,
775 2006 833 2072 1οι
865 2026 945 2094 „pro
967 2006 1026 2073 hoc
1049 2005 1155 2073 studio
1177 2024 1247 2072 meo
1270 2023 1348 2088 erga
1370 2021 1436 2086 vos,

294 2130 334 2174 ne
355 2113 460 2176 dicam
483 2110 597 2177 merito
609 2157 698 2179 .....
702 2111 860 2177 “textum
880 2112 926 2177 its
942 2112 1117 2178 constituo:
1140 2115 1239 2198 „qnid
1253 2116 1336 2178 enim
1353 2133 1438 2176 nnnc

296 2217 389 2278 alind
401 2237 464 2298 per
483 2220 553 2282 vias
570 2224 599 2282 et
611 2221 748 2301 smnpita
752 2221 895 2302 faciunt,
911 2237 1010 2302 qnam
1027 2221 1220 2302 roqationem
1237 2219 1436 2282 ttibnnonnn

289 2319 378 2400 plebi
396 2324 547 2398 suadent,
568 2342 615 2386 ne
637 2324 763 2386 ticam
784 2325 881 2407 leqem
904 2323 1125 2406 atroqantam
1147 2320 1310 2388 οειιιιθιιίθιι

425 2473 529 2561 Supra
550 2477 569 2557 ξ
588 2474 608 2539 2
626 2477 694 2542 cod.
711 2475 822 2544 Bamb.
840 2474 955 2544 habet:
978 2478 1094 2560 „Nune
1110 2481 1199 2543 domi
1212 2483 1295 2544 vieta
1311 2481 1437 2544 inertas

338 2587 448 2645 nostra
462 2584 644 2664 impotentia
665 2583 810 2648 muliebri
829 2585 879 2648 nte
896 2603 1017 2668 quoqne
1031 2587 1065 2647 in
1077 2588 1159 2668 foro
1173 2584 1320 2648 obtentiur
1332 2590 1360 2648 ei
1373 2587 1436 2647 sai-

337 2692 430 2749 satnr
447 2693 476 2750 et
494 2690 571 2770 qnia
588 2690 733 2770 sinynlas
749 2690 824 2782 tion
839 2691 1056 2772 potuimus,
1079 2691 1246 2754 universas
1267 2691 1437 2753 horremus.

383 2839 567 2908 [teneriores
589 2842 713 2910 codices
734 2838 854 2908 habent
871 2846 946 2927 post
961 2848 1128 2928 potuimus
1145 2843 1264 2928 partim
1279 2849 1437 2910 restituere

293 2944 411 3031 partim
432 2951 627 3032 restinqere,
650 2964 732 3029 quae
752 2945 851 3014 verba
872 2947 941 3014 sins
963 2947 1060 3014 dubio
1082 2947 1123 3015 ab
1154 2946 1435 3032 interpolantibus

294 3048 415 3115 inserta
437 3054 538 3128 sunt.¹

380 3149 469 3220 Edit.
495 3153 591 3221 Basil.
624 3158 725 3221 1539:
754 3161 924 3238 „sustinere
951 3156 1233 3242 non·potnz'tnns‚“
1261 3157 1311 3224 uti
1338 3159 1435 3224 etiam

295 3258 574 3328 Weissenbomius
598 3263 631 3325 et,
651 3257 802 3327 Hertzius
823 3261 943 3344 legun.

378 3362 441 3430 Sed
463 3379 577 3430 censeo
599 3364 747 3447 equidem
768 3384 871 3449 neque
893 3373 1043 3435 snsn'nere
1064 3386 1167 3451 neque
1183 3374 1347 3457 point'ttnts
1375 3366 1436 3434 hoc

293 3467 362 3534 loeo
384 3475 560 3550 convenire,
582 3469 672 3551 illud,
695 3470 789 3553 quod,
807 3471 869 3536 nisi
885 3470 967 3538 forte
983 3471 1143 3556 significat
1159 3478 1304 3561 anfreoit
1321 3479 1435 3556 hatten,

293 3583 410 3642 stitzen
432 3579 468 3641 ut
488 3574 523 3653 ΙΙ,
544 3576 599 3659 47,
621 3579 658 3642 4:
690 3597 777 3658 „rein
798 3581 985 3644 inclinatam
1007 3580 1229 3658 sustinere;“
1260 3579 1298 3663 V,
1322 3579 1373 3660 39,
1396 3577 1436 3642 2:

292 3684 485 3748 mt'tatttlwn
508 3702 559 3747 eos
580 3672 800 3764 sustinnit;“
824 3696 863 3730 -·
888 3682 1089 3750 referendum
1119 3687 1170 3750 est
1197 3685 1239 3751 ad
1262 3703 1350 3766 eum,
1380 3685 1434 3766 qui

291 3785 417 3868 patiens
439 3783 490 3852 vel
511 3802 592 3851 onus
611 3785 741 3869 aliquod
759 3787 808 3856 vel
824 3787 977 3873 impetum
995 3805 1052 3855 seu
1069 3807 1177 3855 remm
1195 3807 1252 3856 seu
1271 3787 1435 3855 hominum

291 3887 411 3973 perfert
423 3894 460 3957 ut
472 3889 507 3972 ΙΙ,
518 3890 569 3974 10,
580 3895 613 3955 7:
631 3893 1435 3977 ,primumpnintiiproceiiam-snstinnii‚·“

291 3993 326 4076 ll,
351 3993 401 4079 10,
426 3993 484 4063 10:
517 4016 657 4082 „pavore
677 4001 777 4065 sunno
803 4004 982 4082 impetum
1004 3998 1229 4080 snstz'nnit,·“
1255 3997 1297 4082 11,
1321 4004 1374 4080 47,
1397 4003 1433 4072 5:

291 4104 571 4186 „inruptionem
610 4108 808 4171 sustinere
849 4126 915 4170 non
941 4106 1146 4190 potuerant,·“
1176 4101 1336 4188 XXXIV,
1374 4107 1432 4182 39:

291 4227 376 4288 „non
403 4210 489 4272 nitra
519 4213 581 4272 nis
602 4227 712 4275 eornm
742 4218 836 4296 atque
864 4214 1024 4296 impetus
1046 4215 1236 4277 sustineri
1248 4210 1434 4296 poterant,·“
