3302 4956
315 1682 350 1751 T.
372 1683 445 1752 Livi
474 1679 549 1752 libri
578 1681 712 1752 multum
743 1683 870 1770 quidem
900 1681 934 1752 in
965 1684 1202 1756 emendantium
1223 1686 1371 1758 manibus

227 1791 345 1856 versati
360 1793 392 1856 et
409 1789 593 1873 vulgaribus
610 1793 898 1873 manuscriptorum
911 1791 997 1858 vitiis
1012 1792 1234 1877 liberatiquot
1247 1795 1371 1862 mendis

227 1894 323 1960 etiam
345 1913 429 1960 nnnc
451 1894 614 1971 laborent,
645 1895 802 1962 nerninem
823 1901 901 1978 puto
922 1895 1041 1979 fugere,
1074 1897 1129 1981 qui
1148 1900 1246 1964 semel
1267 1918 1370 1982 pauca

227 1999 331 2080 capita
348 1998 465 2065 nedum
480 2001 565 2065 totos
584 1998 683 2065 libros
702 1999 871 2082 diligenter
888 2000 1122 2067 examinaverit.
1146 2002 1295 2084 quocirca
1309 2003 1369 2068 bac

226 2102 371 2185 equidem
394 2100 622 2183 scriptiuncula
643 2102 807 2184 paululum
830 2103 871 2170 ad
893 2103 1124 2170 emendandam
1147 2103 1181 2171 T.
1203 2103 1275 2172 Livi
1297 2125 1367 2172 ora·
1422 2169 1425 2176 .

99 2291 107 2302 ·
225 2207 345 2274 donem
372 2203 516 2272 conterre
538 2205 646 2273 studui
668 2207 788 2290 aliquot
814 2207 893 2275 locis
917 2227 955 2276 ex
976 2208 1088 2292 prima,
1119 2209 1224 2290 tertia,
1255 2214 1370 2292 quarta

226 2311 343 2378 decade
366 2311 525 2378 tractatis.
767 2305 789 2350 ⁸

310 2417 358 2484 De
379 2417 519 2499 ratione,
552 2434 615 2499 qua
646 2417 817 2500 praecipue
845 2436 922 2486 usus
954 2437 1041 2500 sum,
1071 2422 1109 2484 nt
1129 2436 1233 2501 pauca
1255 2420 1367 2503 dicam,

222 2519 317 2589 Mich.
341 2521 521 2588 Gitlbaucri
542 2521 643 2602 libro,
676 2523 725 2588 cui
747 2512 918 2606 inscriptus
941 2529 991 2590 est
1012 2525 1144 2592 titulus:
1177 2524 1237 2590 »de
1258 2524 1366 2592 codice

222 2625 354 2692 Liviano
376 2627 593 2694 vetustissimo
612 2627 869 2694 vindobonensi«
894 2647 959 2695 non
976 2647 1057 2712 nego
1075 2647 1127 2694 me
1143 2627 1231 2695 baud
1252 2647 1366 2711 parum

222 2730 394 2814 impulsum
412 2749 492 2808 esse,
514 2735 552 2797 ut
564 2731 701 2799 maxime
719 2733 761 2800 ad
777 2733 812 2800 id
828 2735 969 2800 animum
988 2735 1196 2816 adverterem,
1219 2738 1256 2800 nt
1273 2752 1366 2800 voca-

221 2835 298 2902 bula
316 2841 474 2919 corrupta,
498 2855 580 2920 quae
597 2837 702 2904 adhuc
720 2838 846 2904 restitui
863 2857 927 2904 non
949 2845 1108 2922 poterant,
1132 2856 1277 2923 quaeque
1299 2839 1365 2904 edi·

221 2945 307 3006 tores
329 2940 392 3007 iam
414 2946 452 3007 ut
472 2935 588 3009 vitiose
609 2947 686 3009 nata
706 2942 810 3008 eicere
832 2943 936 3010 conati
958 2949 1048 3026 sunt,
1076 2962 1159 3010 nova
1189 2942 1365 3011 sententiae

220 3045 482 3128 interpretatione
521 3063 681 3113 servarem
713 3050 808 3130 atque
839 3049 1050 3115 emendarem.
1095 3049 1129 3115 in
1160 3046 1250 3114 libris
1280 3047 1364 3113 enim

218 3149 352 3216 vetustis
374 3166 437 3216 non
459 3149 554 3216 modo
575 3149 703 3217 litterae
724 3154 781 3216 aut
797 3151 880 3218 male
903 3152 1083 3235 geminatae
1105 3157 1163 3217 aut
1184 3149 1282 3217 6611161
1304 3169 1362 3232 pro

218 3253 387 3336 geminatis
428 3253 583 3337 scriptae,
624 3254 770 3341 syllabae
800 3256 961 3338 verbaque
992 3260 1057 3322 aut
1079 3255 1130 3322 bis
1160 3255 1266 3338 posita
1297 3259 1362 3336 aut,

218 3355 305 3440 quod
325 3357 426 3423 multo
449 3356 572 3425 facilius
593 3357 711 3426 factum
733 3363 791 3441 est,
813 3360 1044 3442 praetermissa
1066 3365 1155 3440 sunt,
1186 3360 1243 3426 sed
1265 3359 1361 3426 etiam

216 3462 365 3529 librarios
399 3463 577 3546 scripturae
606 3464 878 3548 compendiorum,
910 3482 993 3547 quae
1023 3465 1094 3532 sine
1125 3465 1222 3532 dubio
1243 3464 1306 3531 iam
1328 3464 1361 3530 in

216 3566 343 3650 scriptis
365 3568 520 3633 maiorum
542 3568 722 3634 litterarum
745 3569 786 3635 ad
806 3569 999 3636 cotidianum
1016 3575 1109 3636 nsum
1131 3569 1360 3652 pertinentibus

215 3673 354 3740 usitatae
376 3678 481 3756 erant,
503 3673 690 3758 plerumque
712 3674 841 3758 ignaros
864 3679 986 3742 tentum
1008 3693 1161 3759 persaepe
1181 3674 1361 3756 perdidisse

217 3781 350 3845 constat
373 3778 522 3846 similiter
538 3779 716 3862 Madvigius
738 3779 772 3846 in
795 3782 915 3848 emend.
931 3780 1002 3848 Liv.
1020 3781 1093 3864 pag.
1107 3783 1170 3848 245
1189 3780 1230 3846 de
1253 3778 1360 3846 codice

215 3873 373 3950 Puteanor
399 3901 456 3950 »61
473 3884 748 3966 praestantissimo
770 3883 839 3968 hoc,
862 3886 973 3968 inquit,
996 3887 1024 3953 si
1047 3904 1118 3952 cnm
1136 3885 1251 3952 ceteris
1275 3901 1359 3951 com-

214 3992 355 4072 paratur,
378 3988 420 4055 ad
443 3988 588 4055 criticum
603 4007 696 4056 usum
715 3990 823 4057 codice
838 3990 980 4074 intellegi
1001 3997 1116 4074 potest,
1140 4008 1235 4074 quam
1254 3990 1358 4056 vitiosi

215 4094 289 4157 ante
310 4092 395 4158 mille
416 4109 516 4159 annos
547 4093 610 4159 iam
639 4091 761 4160 luerint
791 4092 981 4176 scriptorum
1004 4095 1193 4162 Latinorum
1214 4091 1357 4177 codices3

215 4198 247 4261 et
268 4196 531 4278 quemadmodum
561 4202 594 4263 et
614 4197 745 4266 lacunas
776 4201 808 4264 61
828 4197 976 4265 loliorum
1006 4198 1270 4338 transpositiones
1293 4218 1357 4266 non

1184 4305 1198 4362 1
