3302 4956
739 445 1037 562 'AL

329 669 502 736 verendum
525 685 605 752 esse,
628 687 669 736 ne
690 668 847 754 pudorem
874 687 946 736 cnm
969 687 1008 736 ea
1030 669 1242 752 abrogemus3
1275 665 1333 734 sed
1353 683 1411 732 cur
1431 666 1475 734 sit

329 774 405 858 lota,
428 775 533 862 ipsum
556 773 676 842 indicat
697 779 834 862 tempus.

415 881 459 946 Et
480 881 637 946 utverba
659 881 778 946 tradita
801 881 986 964 examinem,
1009 898 1080 946 cnm
1104 896 1167 945 non
1188 877 1381 960 intellegam,
1411 893 1475 960 qua

327 984 412 1051 lorte
435 987 593 1068 particule
615 995 674 1052 aare
694 987 726 1052 in
748 990 871 1053 textum
893 986 1024 1068 venerit,
1055 985 1136 1050 nihil
1159 984 1316 1065 reliquum
1338 982 1473 1062 videtur,

229 1163 233 1170 ,
329 1109 422 1172 quarn
445 1096 481 1156 nt
513 1089 669 1156 exciderit
700 1091 905 1173 vocabulum,
938 1090 1024 1173 quod
1055 1090 1096 1156 ad
1127 1109 1184 1173 ea,
1216 1105 1297 1170 qnae
1328 1089 1404 1153 sunt
1434 1085 1474 1150 de

246 1207 250 1215 ·
330 1198 438 1268 aetate
460 1196 646 1277 praemissa,
669 1197 853 1278 pertineret.

415 1299 477 1366 Sed
505 1317 546 1365 ne
574 1299 734 1382 Madvigio
769 1301 896 1382 quidem
928 1301 1088 1368 assentior
1120 1299 1263 1364 censenti
1294 1298 1325 1364 in
1362 1295 1474 1362 emend

328 1403 393 1470 Liv.
423 1421 495 1488 pag.
516 1404 601 1468 497:
630 1413 689 1470 aot
709 1413 843 1490 antique
874 1406 1076 1473 scribendum
1098 1423 1179 1472 esse.
1221 1405 1315 1470 imnro
1331 1401 1473 1468 Livium.

329 1509 489 1592 suspicor,
520 1508 683 1590 vocabula,
706 1527 788 1592 qnae
809 1527 968 1576 summurn
990 1511 1136 1576 obtinent
1158 1509 1283 1594 pondus
1304 1509 1337 1572 in
1360 1504 1473 1572 eadem

330 1613 512 1677 narratione
534 1629 597 1678 non
619 1619 768 1696 mutasse,
792 1617 850 1682 sed
872 1616 1071 1698 observasse,
1095 1620 1131 1680 ut
1153 1614 1293 1684 maxima
1314 1617 1474 1677 momenta

330 1718 421 1800 qnasi
443 1718 574 1784 nuribus
598 1737 724 1806 quoque
747 1720 891 1786 etocnlls
910 1722 1165 1802 obversarentur,
1188 1735 1251 1800 qua
1271 1736 1305 1782 re
1326 1714 1473 1800 praefero

329 1839 438 1888 vocem
452 1834 547 1890 nelos.
571 1823 760 1910 particulam
774 1835 833 1892 ant
847 1827 943 1894 semel
965 1843 1086 1912 ponere
1100 1825 1181 1890 satis
1194 1827 1253 1904 est,
1276 1827 1313 1888 ut
1333 1823 1471 1905 legatur:

329 1945 424 2010 „nem
448 1928 475 1993 si
498 1929 561 1993 ista
582 1929 637 1994 lex
657 1938 745 1995 cerno
766 1940 825 1997 ent
853 1931 924 1996 ideo
957 1930 1023 1996 lata
1054 1932 1141 1995 esset
1164 1929 1253 2011 ...;“
1287 1926 1406 1993 etenim
1440 1926 1473 1990 in

329 2031 488 2115 scriptura
510 2055 606 2098 omae
629 2055 712 2114 ana,
745 2033 807 2100 nisi
840 2031 922 2100 lorte
953 2035 987 2101 in
1009 2031 1180 2115 archetypo
1204 2036 1240 2097 ut
1261 2048 1418 2117 persaepe
1439 2030 1472 2095 in

329 2137 397 2204 cod.
433 2137 545 2204 Bamb.
576 2137 699 2220 syllaba
731 2162 787 2222 ns,
828 2141 911 2221 quod
944 2139 1116 2206 secundum
1150 2137 1375 2204 Gitlbanernm
1408 2137 1473 2200 ianr

328 2242 501 2308 maioribus
525 2241 639 2308 litteris
662 2243 816 2310 usitatum
848 2249 929 2310 eret'
948 2241 1002 2328 [cl.
1025 2261 1099 2330 pag.
1123 2241 1200 2328 60),
1223 2279 1267 2288 -
1287 2263 1357 2323 „aa
1380 2257 1423 2319 es,
1446 2259 1474 2320 e,

291 2401 293 2407 .
328 2348 409 2431 lena,
432 2347 522 2425 obus,
555 2364 591 2412 os
612 2352 730 2433 puncto
754 2349 812 2431 (.)
833 2353 958 2414 tantum
988 2346 1192 2415 indicantur“
1218 2381 1257 2394 -—
1283 2350 1474 2431 permotam

326 2452 499 2518 etidcirco
522 2470 582 2516 vox
604 2461 690 2518 aetna
713 2453 868 2538 scriptum
891 2459 960 2519 erat
982 2457 1038 2520 aut
1063 2447 1131 2519 oer'
1144 2455 1202 2518 aut
1223 2467 1301 2533 ncr3
1324 2447 1473 2532 perfacile

329 2557 453 2623 duobus
468 2557 573 2624 verbis
587 2553 653 2624 aer'
666 2581 730 2624 eor
744 2557 883 2626 confusis
897 2577 961 2626 vox
974 2581 1069 2626 necno
1084 2556 1272 2624 intercidere
1285 2559 1420 2642 poterat.
1431 2592 1474 2602 -

329 2663 462 2727 emendo
483 2662 601 2744 igitur:

484 2769 592 2850 „Nem
616 2774 646 2833 ae'
665 2772 727 2834 isto
749 2773 799 2833 len
819 2779 925 2835 vetrae
946 2774 1097 2836 antideo
1115 2773 1286 2846 lamense,
1313 2775 1349 2833 ut
1359 2769 1475 2850 finiret

430 2875 591 2940 libidinem
619 2876 820 2954 muliebrem,
850 2875 1019 2941 verendum
1042 2880 1151 2960 soret,
1173 2894 1213 2938 oe
1233 2874 1392 2956 abrepere
1420 2875 1474 2934 ab·

433 2978 573 3045 eitar·el.“

743 3128 922 3220 xxxw,
945 3132 1000 3220 ro,
1020 3133 1056 3203 o.

416 3286 527 3357 Codex
549 3291 660 3358 Bamb.
684 3311 747 3357 nna
769 3310 840 3358 cnm
862 3291 1026 3377 deperdito
1048 3290 1132 3373 Mog.
1155 3287 1271 3357 habete

403 3461 407 3470 ,
488 3401 564 3478 „Ad
590 3401 675 3462 burne
704 3419 826 3462 oenone
855 3419 1016 3462 rumorem
1044 3400 1310 3481 Berpe’otanorom
1339 3397 1473 3459 orbitatis

433 3512 547 3586 septem
576 3507 703 3568 casteller
732 3503 918 3588 dffeeerant.
954 3511 1006 3568 eoo
1035 3505 1164 3569 deducto
1194 3507 1331 3568 erercr'ln
1362 3502 1476 3565 conoul

431 3613 497 3673 aine
519 3611 725 3674 memorando
750 3613 872 3692 proelrb
901 3614 936 3674 r'n
961 3615 1146 3692 potestaten
1176 3611 1345 3692 redeqat.
1385 3608 1476 3670 baed

429 3718 474 3780 do
497 3719 596 3780 molto
612 3723 689 3798 post
709 3717 806 3780 eidem
821 3734 961 3800 represso
981 3716 1194 3780 Tarraconem
1206 3715 1344 3791 emente,
1359 3715 1473 3798 priam*

429 3841 527 3904 quom
551 3825 623 3887 obde
644 3835 809 3906 quoquam
824 3823 1012 3904 procederet,
1034 3821 1243 3904 defecerorrt.“

342 3937 345 3944 ’
413 3918 516 4005 Vulgo
539 3925 710 3990 edebatur:
739 3929 795 4006 „in
810 3931 994 4008 parcentem
1015 3925 1161 4007 redepr't.
1183 3925 1273 3987 band
1291 3924 1372 3987 eia..
1385 3918 1415 3988 .“
1439 3923 1473 3984 et

326 4025 520 4094 recentiores
554 4028 674 4110 incerti,
711 4027 790 4110 quid
821 4024 998 4092 laciendum
1020 4025 1062 4093 sit
1083 4025 1202 4092 tradito
1224 4029 1374 4110 redeyar
1405 4042 1472 4091 ser-

325 4137 442 4199 varunt
472 4131 576 4200 adhuc
603 4138 736 4219 reecpit·
769 4130 1048 4200 Weissenbornius
1079 4133 1185 4220 autem
1219 4130 1297 4214 legit
1328 4131 1361 4196 in
1394 4129 1472 4197 edit.

327 4235 469 4308 'doublet
492 4243 611 4328 rediqe'ta
648 4272 650 4276 ·
