3302 4956
681 395 889 526 Ab„

299 627 451 702 Similiter
481 634 576 702 etiam
604 635 654 702 Al.
686 635 879 704 Harantius:
911 639 1141 702 emendationes
1170 638 1216 702 ad
1250 637 1283 702 T.
1305 631 1359 702 Ζί-

210 746 318 820 oium·
340 744 446 808 Reoue
459 745 497 808 de
507 745 684 828 phalempin,
702 747 739 813 de
756 746 926 818 litterature
942 749 971 807 et
987 744 1023 806 de
1039 744 1165 807 numne
1179 744 1358 818 anciennes,
1414 827 1419 832 Π

210 849 350 913 nouvelle
370 849 448 914 serie
470 850 502 928 1,
532 863 604 932 pag.
627 845 691 910 256
712 846 862 914 coniecit:
893 843 1054 926 „maxime
1083 849 1117 911 oi
1144 843 1247 931 bostis
1278 841 1359 910 fidu·

206 950 342 1032 ‘viaque‘
367 985 405 998 -
429 969 510 1036 qnae
530 958 637 1018 tamen
659 967 725 1017 vox
738 961 848 1034 'neque
875 948 917 1017 ad
945 947 1019 1016 belli
1039 941 1231 1036 apparatum
1252 953 1360 1034 potest

213 1052 344 1137 reterri,
377 1073 481 1139 neque
503 1056 544 1121 ed
566 1055 750 1124 comitatem
770 1053 936 1134 convenit,
968 1071 1039 1174 qua
1064 1052 1163 1136 legati
1195 1055 1273 1122 sunt
1304 1073 1359 1120 ex·

214 1160 297 1245 cepti
318 1179 340 1225 a
359 1159 526 1246 Romanis,

300 1261 388 1330 Haeo
409 1263 509 1347 igitur
532 1261 747 1332 consideranti
769 1269 801 1331 et
821 1264 937 1332 verba:
971 1267 1067 1330 boetis
1078 1267 1207 1348 flduer'n
1230 1263 1359 1349 saepius

205 1367 329 1452 legenti
359 1369 392 1433 in
414 1373 553 1435 mentem
582 1359 661 1434 mibi
691 1369 794 1450 venit,
828 1369 940 1436 deesse
971 1365 1109 1450 aliquid,
1141 1385 1204 1450 quo
1226 1366 1360 1433 Romani

202 1477 364 1557 fldnenene
388 1472 630 1555 collocaverint,
663 1471 800 1540 etmihi
831 1472 1036 1559 perspicuum
1058 1475 1146 1552 erut,
1178 1471 1360 1554 genetivum

211 1582 266 1642 eui
284 1577 490 1643 inserendum
513 1595 593 1657 esse,
616 1576 764 1644 similiter
778 1593 815 1643 ae
831 1573 939 1657 XXV,
954 1577 1008 1657 37,
1025 1574 1085 1639 12:
1107 1579 1220 1657 „tanta
1230 1579 1359 1661 fidaa’o

211 1686 267 1746 eac·
284 1679 419 1764 victis;“
439 1679 500 1747 boc
526 1680 609 1747 enim
626 1679 825 1761 vocabulum,
848 1681 898 1747 cui
923 1697 1047 1746 summa
1067 1680 1115 1746 vis
1138 1680 1233 1762 inest,
1255 1679 1359 1765 primo

210 1783 290 1865 loco,
307 1790 388 1850 ante·
406 1783 597 1868 genetivum,
611 1786 793 1872 ponendum
809 1785 954 1868 videtur3
973 1783 1089 1851 deinde
1106 1783 1221 1851 verba:
1243 1788 1298 1849 eni
1316 1821 1359 1831 -

211 1893 329 1961 videon
354 1887 661 1973 (Selbstvertruuen)
685 1890 783 1958 etium
805 1895 1019 1972 eeaentntan,
1054 1907 1148 1972 quam
1171 1887 1276 1954 Leovm
1299 1886 1359 1952 hoe

211 1991 281 2058 loco
303 1994 482 2077 requisivit,
505 1997 669 2062 continent
691 2000 724 2062 et
745 1995 832 2062 clare
853 1994 1062 2078 intellegitur,
1084 1994 1170 2062 undo
1193 1991 1360 2080 syllabam¹

212 2097 383 2165 exstiterit.
414 2117 518 2182 neque
539 2098 638 2166 satist
660 2098 830 2169 huc‘enim
852 2095 1035 2167 coniectura
1050 2106 1121 2164 ‘nen
1142 2097 1206 2163 iam
1228 2097 1359 2166 dubium

213 2205 272 2280 est,
295 2201 372 2284 quid
387 2197 645 2286 decequentibus
659 2202 823 2298 iaciamus,
845 2220 948 2286 neque
962 2202 1047 2269 aliud
1063 2201 1235 2286 quidquem
1257 2209 1359 2270 restat

213 2323 307 2388 quam
329 2307 497 2390 suspicari,
528 2309 561 2374 in
584 2307 709 2395 syllaba
730 2331 790 2396 qne
812 2305 1033 2393 (fiduciaque),
1048 2323 1129 2391 quae
1147 2308 1210 2373 iam
1232 2307 1359 2374 maiori-

211 2411 270 2478 bus
300 2411 379 2493 litt,
412 2415 449 2478 ut
482 2402 690 2480 Gitlbauerus
724 2410 941 2492 demonstrat,
974 2425 1132 2498 persaepe
1170 2429 1242 2477 cum
1277 2434 1358 2498 qnae

210 2520 368 2594 mutatur,
400 2517 566 2583 relativum
589 2541 679 2604 perne,
702 2518 788 2601 quod
810 2517 876 2584 eod.
898 2517 1008 2583 Bamb.
1032 2521 1065 2583 et
1087 2515 1168 2601 Spir.
1191 2516 1359 2602 praebent,

211 2617 317 2687 inesse
349 2622 382 2685 et
408 2619 544 2687 'verbum
570 2631 647 2700 esset
672 2621 740 2688 sive
773 2620 958 2688 abbreviata
990 2621 1142 2708 scriptum
1179 2628 1211 2687 et
1245 2622 1358 2706 deper-

211 2723 313 2790 ditum
336 2725 403 2791 sive
426 2742 497 2792 cum
518 2735 564 2792 est
584 2726 692 2810 aliquo
712 2726 808 2793 modo
831 2724 999 2792 confusum
1020 2724 1255 2793 restituendum
1279 2743 1358 2793 esse.

211 2829 269 2894 tali
290 2829 385 2896 modo
408 2831 508 2911 quia,
525 2827 562 2895 ut
583 2829 645 2896 boc
667 2849 793 2914 queque
815 2829 962 2910 afferam,
993 2831 1131 2915 protasis
1155 2833 1192 2922 et
1207 2831 1357 2916 apodesis

211 2932 368 3013 similiter,
391 2935 529 3016 utraque
552 2952 623 3000 cum
645 2935 804 3001 sententia
823 2933 959 3001 relativa
982 2937 1182 3002 constructae
1205 2940 1291 3015 sunt,
1326 2940 1358 3002 et·

212 3036 293 3103 bene
314 3037 461 3123 procedit
482 3038 595 3119 oratio,
617 3041 776 3105 Weidnenu'
795 3044 903 3106 autem
915 3039 1116 3107 coniectura:
1138 3045 1301 3126 ,‚qu2‘ppe
1315 3076 1354 3088 -

209 3143 438 3226 conceptn,“'
460 3139 499 3209 ef.
522 3139 635 3208 Philol.
658 3139 812 3223 XXXVI,
836 3142 916 3225 209,
949 3143 1043 3210 nimis
1075 3144 1116 3210 ab
1147 3143 1267 3238 tradito
1296 3167 1357 3230 qne

212 3243 382 3332 discrepat,
404 3245 576 3313 verisimile
593 3245 670 3312 mihi
683 3246 810 3314 videtur
826 3249 859 3313 in
878 3247 1050 3334 archetypo
1065 3248 1219 3334 scriptum
1240 3245 1357 3316 inisse:

293 3337 296 3344 ¹
365 3341 558 3432 „Hannibal
577 3353 657 3416 nibil
677 3355 802 3436 paidom
824 3373 933 3418 cornum
955 3375 1038 3438 quae
1058 3355 1299 3438 nonanoeane,
1313 3391 1355 3401 -

314 3457 393 3520 laeto
410 3459 520 3522 animo
537 3459 645 3532 andzt;
666 3461 829 3523 monime
851 3465 976 3524 tamen
998 3463 1060 3523 sni
1074 3449 1171 3524 nouas
1182 3463 1355 3545 fidncia,

315 3579 410 3642 quoe
437 3581 502 3626 non
535 3562 572 3625 de
601 3561 698 3626 nunno
724 3566 869 3646 prospecto
900 3570 1047 3646 conceptu
1082 3571 1191 3642 esset,
1217 3585 1355 3650 pocus-

313 3663 408 3742 euoss
428 3663 502 3729 cst.“

297 3868 326 3937 *)
342 3866 440 3924 Lectio
457 3874 598 3934 paurum,
623 3865 697 3936 quod
713 3866 873 3924 vocabulum
891 3873 920 3926 et
936 3869 1006 3927 alies
1023 3886 1131 3942 quoque
1148 3888 1209 3928 eum
1224 3891 1355 3939 paccano
1485 3913 1487 3918 ,

209 3965 293 4022 saepe
310 3959 431 4010 mutatur
449 3983 481 3994 -
499 3959 575 4010 tunm
598 3958 639 4008 est
664 3954 735 4010 enim
758 3955 911 4012 litterarum
932 3957 1079 4014 similitudo
1094 3985 1131 4000 -
1147 3960 1201 4017 boe
1223 3961 1283 4018 loeo
1301 3962 1354 4017 dm

210 4035 294 4094 babet
309 4041 389 4096 nimis
407 4054 539 4110 magnum,
565 4040 665 4110 quippe
690 4043 764 4110 quod
781 4041 913 4113 significat
938 4047 976 4099 ita
990 4057 1123 4118 percutere,
1149 4053 1180 4104 et
1198 4049 1277 4117 qnasi
1292 4064 1355 4119 pro-

210 4129 317 4182 sternes
332 4131 362 4183 et
377 4131 491 4184 evertas*
535 4127 628 4184 Liuius
644 4129 715 4184 enirn
732 4129 785 4186 boc
801 4132 959 4188 vocabulum
976 4141 1103 4198 omlnes
1121 4134 1158 4189 ud
1174 4135 1258 4192 aetem
1274 4151 1353 4206 prue-

210 4211 289 4284 cipue
305 4209 423 4284 adhibet,
441 4228 511 4284 quae
527 4215 658 4288 impetum
676 4213 763 4273 bostis
775 4232 831 4274 non
842 4219 967 4294 mstinet,
983 4220 1027 4278 vel
1042 4221 1202 4295 perturbate
1215 4222 1244 4279 in
1262 4221 1352 4294 bugum
