3302 4956
816 416 858 484 37

732 509 939 517 Μ

264 649 417 710 accrum,
440 651 511 714 quo
533 631 723 713 carbonata
745 631 836 696 urba
858 637 925 712 est,
947 645 1058 713 nempe
1072 633 1234 696 matronae
1251 647 1404 697 consensu

264 731 412 797 omnium·
425 733 458 798 in
471 732 641 818 wpublicum
664 733 875 799 contulerunt.
1456 817 1458 822 ,

350 835 501 904 Similiter
522 837 554 902 in
576 841 644 904 edit.
663 842 766 904 Boail.
790 837 874 904 1539
898 838 1052 924 scripturn
1075 843 1140 904 cst:
1167 861 1321 924 „oacrum
1343 864 1404 926 quo

264 946 422 1025 rodernpta
444 943 520 1008 orba
542 950 594 1025 eat,
617 943 760 1027 aempc.“

350 1045 529 1111 Gronovius
552 1046 691 1112 codicem
714 1047 979 1114 Bambssecutus
1002 1050 1051 1113 est
1073 1051 1105 1112 et
1127 1047 1405 1127 Drakenborchius

264 1150 484 1233 Mogontinum
506 1151 645 1217 obtinuit
666 1151 807 1217 sentiens
837 1149 952 1218 verba:
986 1174 1124 1232 „aarum
1153 1175 1214 1236 qao
1245 1156 1406 1236 redempta

262 1258 338 1320 orba
360 1264 412 1335 cet,
434 1256 563 1340 nempe“
586 1256 681 1322 nimis
702 1254 820 1338 frigida
842 1273 931 1338 esse·‚
954 1273 1049 1338 quam
1071 1258 1108 1320 ut
1129 1255 1169 1320 ab
1192 1259 1318 1322 oratore
1341 1256 1406 1322 sint

263 1355 414 1440 profecta.

349 1463 498 1532 Hertzius
518 1483 643 1550 quoque
659 1464 1211 1548 etWeissenborniusMogontinnm
1223 1468 1404 1529 tenuerunt.

350 1569 398 1636 De
421 1571 580 1655 scriptura
602 1569 683 1653 „iam
703 1571 782 1635 urbe
797 1573 890 1651 capta
908 1590 926 1636 a
945 1569 1045 1636 Gallis
1064 1587 1126 1652 quo
1144 1570 1310 1654 redempta
1326 1569 1404 1634 urbs

263 1673 331 1738 esn‘
347 1675 522 1756 quaeritur,
536 1679 643 1739 utrum
654 1693 717 1740 vox
728 1677 803 1740 acrba
816 1673 850 1738 iu
864 1673 924 1738 hoc
937 1673 1127 1739 brevissimo
1139 1673 1262 1739 ambitu
1279 1673 1349 1738 iure
1361 1673 1405 1739 sit

262 1777 380 1843 iterata
402 1797 443 1844 an
466 1797 523 1844 seu
545 1779 878 1847 subiectumorbsseu
901 1778 1061 1844 ablativus
1073 1781 1148 1844 orbe
1166 1779 1209 1844 sit
1227 1777 1402 1844 elidendus.
1499 1769 1501 1772 ’

349 1881 529 1966 Madvigius
561 1885 596 1949 in
634 1883 791 1950 emendat.
822 1882 891 1948 Liv.
925 1901 998 1968 pag.
1028 1883 1092 1948 496
1123 1883 1275 1948 coniecit:
1318 1887 1403 1959 „zoro

262 1995 356 2070 capla
378 2011 400 2054 a
426 1991 527 2054 Gallia
557 2011 618 2074 quo
647 1993 807 2072 redempta
836 1991 926 2054 urba
944 1987 1032 2052 eal?“
1054 1991 1087 2054 et
1108 1986 1151 2052 Μ.
1176 1985 1348 2068 Seyffertus
1370 1986 1403 2050 in

246 2091 352 2156 novis
376 2093 482 2158 annal.
506 2093 615 2178 philol.
638 2092 699 2159 vol.
724 2091 775 2176 83,
798 2112 871 2177 pag.
894 2091 958 2155 824
982 2088 1179 2158 emendavit:
1210 2097 1298 2173 ‚pom
1328 2094 1403 2157 orba
1445 2152 1452 2170 x

262 2205 356 2278 copto
377 2220 398 2262 α
426 2199 526 2263 Golb'a
547 2189 608 2282 quo
629 2201 789 2281 redempto
809 2223 859 2272 atr·
871 2199 914 2262 oa·
933 2198 1015 2264 εείίἓιι
1048 2217 1119 2263 oum
1140 2197 1240 2278 igitur
1261 2195 1315 2260 illc
1331 2213 1402 2261 cen-

262 2303 358 2382 seret,
382 2299 505 2367 Livium
527 2302 560 2367 in
592 2301 652 2367 boc
674 2301 862 2366 brevissimo
885 2301 1007 2366 ambitu
1029 2301 1206 2366 subiectum
1229 2298 1403 2366 sententiae
1428 2333 1430 2338 ,

261 2404 293 2468 in
316 2403 454 2470 ablativo
477 2405 625 2472 absoluto
647 2406 806 2471 inclusum
827 2423 890 2471 non
913 2405 1115 2490 repetivisse,
1146 2404 1196 2470 hic
1215 2404 1278 2469 duo
1305 2403 1403 2468 verba
1445 2403 1468 2448 ‘-

262 2511 338 2572 ardo
352 2527 480 2578 servare
495 2509 556 2574 sibi
570 2510 656 2575 visus
671 2514 730 2591 est,
749 2528 819 2574 cum
838 2509 968 2591 diceret,
991 2508 1193 2574 emendatum
1216 2506 1402 2573 vocabulum

262 2613 335 2676 corbi
353 2610 532 2694 significare
553 2617 679 2679 czbzbua.
817 2689 818 2692 Ἴ

351 2715 414 2782 Sed
436 2723 581 2784 neutram
605 2718 819 2784 coniecturam
841 2716 919 2783 mihi
949 2715 1079 2802 probari
1112 2715 1225 2782 fatcor.
1258 2734 1329 2780 nam
1361 2718 1401 2782 ad

261 2819 455 2902 Madvigium
482 2819 568 2904 quod
589 2822 704 2888 attinet
734 2821 906 2906 respiciens
928 2825 994 2886 tres
1029 2820 1185 2888 ablativos
1217 2819 1399 2887 absolutos:

467 2936 616 3012 reparante
636 2929 781 3008 Romulo,

469 3033 594 3116 rapidus
615 3036 740 3112 sanctia,

461 3140 612 3219 promisco
634 3137 717 3217 bello,

260 3239 292 3303 in
315 3239 410 3325 tertio
433 3258 560 3322 quoque
581 3241 721 3306 membro
745 3244 870 3325 tompus
895 3238 1004 3307 cadem
1022 3236 1124 3305 forma
1142 3239 1242 3306 idest
1260 3238 1399 3306 ablativo
1424 3312 1427 3320 ,

161 3388 168 3402 i
261 3343 406 3410 absoluto
429 3345 565 3429 exprimi
592 3349 837 3411 consentaneum
860 3349 918 3410 est.
963 3347 1116 3430 quattuor
1138 3345 1222 3411 enim
1244 3343 1399 3411 ablativos

263 3447 334 3512 dico
373 3449 458 3514 inter
491 3467 526 3514 se
558 3449 753 3534 respondere
785 3449 950 3532 primoque
981 3449 1051 3514 loco
1084 3448 1285 3514 collocandos
1321 3470 1399 3516 csse.

261 3551 304 3616 Μ.
328 3550 474 3633 Seyfferti
497 3557 603 3619 autem
629 3553 893 3636 interpretatione
916 3555 1004 3634 (orda
1025 3575 1066 3612 ε
1088 3553 1221 3636 orbibus]
1251 3561 1405 3621 manente·

260 3655 321 3722 hoc
343 3656 497 3721 vocabulo
519 3658 606 3724 locus
629 3658 837 3742 nequicquam
861 3661 1001 3722 sanatur.

347 3759 505 3842 Equidem
527 3779 590 3826 nou
608 3779 699 3844 nego,
720 3761 752 3826 in
776 3761 912 3847 repetito
930 3761 1081 3827 vocabulo
1096 3767 1171 3829 orda
1186 3764 1305 3846 aliquid
1329 3767 1401 3832 duri

259 3866 384 3949 inesse3
417 3866 475 3932 sed
496 3863 556 3931 hoc
576 3867 720 3952 suspicor
742 3866 901 3932 sublatum
925 3883 1003 3948 esse,
1026 3867 1053 3931 si
1074 3867 1242 3952 probatam
1264 3871 1399 3962 auctori·

262 3974 359 4036 tatem
389 3970 506 4036 codicis
540 3969 649 4035 Bamb.
681 3975 810 4038 secutus
843 3977 876 4038 et
905 3971 1112 4038 senteutiam:
1146 3994 1208 4056 qno
1238 3977 1399 4058 redempto

261 4079 337 4142 acrba
359 4085 403 4140 eat
431 4077 473 4142 ad
505 4075 740 4142 substantivum
759 4079 893 4144 'accrum
923 4076 1064 4144 referens
1096 4095 1166 4142 oum
1199 4077 1275 4144 edit.
1298 4078 1397 4145 Basil.

260 4181 348 4264 lego:
369 4186 456 4264 „ianr
478 4183 554 4247 orbe
574 4191 670 4268 coptu
691 4205 713 4248 α
739 4185 854 4266 Gallia,
876 4204 1025 4264 auretio,
1048 4205 1118 4270 quo
1140 4186 1299 4269 redempta
1321 4188 1397 4252 urba
