3302 4956
755 416 967 544 a.

288 671 360 720 rum
381 652 550 739 respicere,
572 652 606 720 in
628 651 736 722 oodioe
757 653 934 723 vindobon.
975 647 1136 720 invenitur
1157 631 1369 736 pariterifi
1391 675 1432 714 z

289 767 384 843 anus
406 756 454 826 cf?
468 777 540 843 aaa·
564 756 616 827 ⁰1·

375 863 465 944 Quae
486 881 558 931 oum
579 863 631 931 ita·
642 864 717 948 sint,
736 863 938 932 scribendum
955 881 1026 931 esse
1043 879 1173 931 censeo:

444 973 589 1056 „Pyrrho
605 974 754 1053 oidela'oei,
777 975 834 1056 qui
852 977 965 1038 velut
984 975 1141 1058 hosptium
1169 991 1302 1036 numero
1330 972 1432 1052 eapti-

390 1097 446 1142 ooa
466 1075 618 1142 Iabudr‘
950 1119 954 1124 -
1373 1115 1378 1124 ·

731 1228 878 1318 XXIII,
900 1229 942 1318 5,
964 1229 999 1303 ὅ.

374 1389 412 1456 lu
441 1387 587 1456 oratione
617 1387 771 1456 Varronis
802 1388 940 1456 consulis
970 1388 1012 1455 ad
1042 1387 1166 1472 legatos
1197 1387 1430 1469 Campanorum

287 1493 397 1560 habita
418 1493 496 1561 haee
516 1493 638 1562 tradita
660 1497 736 1561 suut
758 1493 866 1560 oodioe
887 1493 1048 1561 Puteauo:

442 1601 551 1678 „titud
576 1600 660 1665 enain
689 1601 778 1666 uobis
810 1603 857 1666 ad
880 1601 1010 1666 &uuae
1038 1603 1185 1664 relietum*
1200 1607 1261 1682 eoi,
1280 1607 1320 1664 ut
1339 1603 1430 1683 quia

391 1707 514 1788 alr'qrer'd
532 1703 716 1786 habeamus,
738 1707 773 1769 id
793 1706 961 1789 quadrat,
978 1708 1097 1788 esplern'
1111 1704 1153 1768 ah
1170 1708 1263 1768 aooiia
1278 1703 1431 1768 mamus?

385 1811 505 1890 pedores
521 1809 607 1873 voirs
623 1812 823 1892 amrmemus,
840 1815 1006 1894 tamqnam
1020 1813 1143 1891 marites
1156 1799 1353 1873 habeamus?
1368 1827 1429 1890 pe-

390 1917 520 1977 morum
541 1915 643 1978 deeaaa
664 1915 823 1995 dieamus,
846 1921 1013 1998 tamquam
1034 1932 1073 1977 ea
1090 1919 1215 1978 mutum
1230 1914 1332 1978 desei
1351 1913 1431 1977 nidd

389 2038 429 2082 ue
449 2020 534 2102 quod
552 2021 769 2100 euppkremua
790 2020 914 2101 quidem
940 2017 1030 2082 roobia
1054 2019 1179 2100 redoperi
1188 2013 1358 2102 Ῑονιιιηαέι

372 2120 458 2187 Edit.
480 2119 577 2187 Basil.
602 2119 703 2186 1539:
726 2123 785 2202 „ut
815 2126 910 2204 quasi
935 2119 1056 2202 aliquid
1078 2117 1265 2202 habeamus,
1287 2118 1321 2184 id
1345 2123 1430 2204 quod

286 2225 395 2308 deeot,“
418 2242 498 2308 quae
520 2223 614 2290 lertio
637 2225 732 2291 etiam
755 2223 896 2290 Gronovi
917 2228 975 2290 est.

372 2327 496 2394 Lectio:
517 2333 602 2414 quod
620 2333 702 2396 deest
721 2332 807 2396 reolo
834 2328 1002 2395 emendata
1031 2347 1069 2396 ex
1099 2328 1239 2396 oodioum
1270 2329 1428 2412 scriptura

284 2437 368 2520 quod
387 2442 431 2499 est
451 2431 561 2498 littera
583 2433 723 2500 dsemel
744 2433 862 2510 scripta
882 2432 961 2500 mihi
982 2433 1117 2500 videtur.

370 2536 518 2603 Homnae
541 2542 575 2604 et
595 2535 873 2604 Weissenbornius
896 2542 1082 2605 servarunt:
1112 2542 1170 2620 „ut
1199 2544 1275 2624 quia
1306 2538 1426 2621 aliquid

283 2639 496 2708 habeamus“.
514 2692 520 2706 .
537 2693 544 2707 .
563 2646 596 2707 ei
612 2641 792 2724 Madvigius
806 2641 1000 2724 existimaus,
1015 2641 1205 2724 particulam
1223 2648 1300 2729 puio
1316 2642 1425 2710 littera

283 2769 306 2812 a
327 2745 488 2830 sequentis
509 2739 656 2812 vocabuli
677 2745 728 2812 bis
750 2747 856 2830 posita
877 2746 1047 2829 exstitisse,
1070 2747 1117 2813 sie
1140 2747 1338 2813 emendavit:
1360 2757 1425 2831 „aa

282 2857 339 2937 qui
358 2850 478 2934 aliquid
498 2849 712 2916 habeamus“.
729 2897 760 2917 ..
784 2869 855 2918 eum
877 2854 965 2918 reete
986 2850 1119 2918 adderet
1140 2852 1173 2917 in
1187 2851 1334 2935 editione,
1347 2871 1424 2918 eou-

282 2955 381 3022 salem
399 2953 661 3038 significationem
683 2973 817 3040 pravam
839 2973 919 3024 esse.

369 3054 433 3126 Sed
462 3057 585 3126 oliendo
617 3059 761 3144 equidem
791 3078 853 3126 non
884 3062 990 3127 solum
1020 3061 1172 3128 vocabulo
1203 3067 1295 3147 puro,
1323 3065 1423 3127 totam

282 3163 472 3232 senteutiam
487 3197 528 3210 ·—
541 3167 665 3250 alr'puid
683 3167 857 3231 habeamus
872 3199 911 3212 -
926 3165 1131 3248 sequentibus
1149 3166 1315 3232 conuenire
1333 3183 1422 3248 nego.

282 3289 355 3337 nam
376 3268 587 3352 interroganti
608 3269 706 3354 „quid
728 3271 811 3338 enim
832 3270 924 3338 uobis
947 3271 988 3338 ad
1010 3270 1136 3337 Cannas
1158 3269 1305 3337 relietum
1328 3271 1420 3337 est‘?“

280 3375 350 3458 ipse
372 3375 432 3441 sibi
453 3375 556 3442 Varro
576 3375 748 3459 respondet
768 3375 787 3459 ἕ
810 3380 847 3444 ὅτ
876 3375 995 3459 „nihil,
1025 3392 1066 3442 ne
1088 3376 1173 3460 quod
1202 3375 1421 3458 suppleremus

282 3481 417 3566 quidem,
439 3479 531 3547 nobis
549 3479 677 3564 reliquit
694 3479 840 3563 fortune3
866 3480 1006 3563 legiones
1021 3481 1191 3564 equitatus,
1209 3499 1300 3547 arura
1318 3479 1421 3563 signa,

282 3585 355 3669 equi
372 3585 501 3668 virique,
519 3585 654 3668 pecunia
672 3588 867 3651 commeatus
889 3590 945 3652 aut
966 3586 999 3651 in
1022 3585 1090 3652 aeie
1112 3588 1170 3651 aut
1191 3583 1275 3652 binis
1291 3591 1419 3669 postero

281 3690 333 3756 die
352 3688 481 3755 amissis
504 3687 619 3756 eastris
641 3687 844 3773 perierunt“.
861 3741 890 3756 ..
921 3705 984 3772 que
1015 3689 1056 3756 de
1077 3705 1113 3754 re
1135 3707 1230 3773 nego,
1260 3693 1419 3757 oratorem

281 3796 387 3864 dinero
407 3801 512 3876 posse
529 3793 687 3860 Romanos
704 3797 828 3879 mouenti
846 3792 974 3860 habere.
997 3797 1032 3858 et
1053 3791 1082 3857 si
1103 3791 1186 3860 forto
1202 3793 1326 3880 dixeris
1347 3811 1420 3860 oum

280 3897 548 3980 Weissenbomio,
569 3898 684 3966 uerba:
706 3897 801 3982 „qnia
824 3887 944 3981 aliquid
965 3895 1159 3965 habeamus“
1182 3915 1220 3965 ex
1242 3897 1420 3982 Campano·

280 4023 351 4070 rum
373 4003 501 4087 obliqua
523 3991 667 4071 oratione
689 4008 819 4088 arrepta
840 4019 912 4070 eum
933 4001 1074 4070 ludibrio
1096 4022 1115 4069 a
1135 4003 1264 4070 consule
1292 4001 1420 4072 reddita

282 4125 361 4191 esse,
383 4108 430 4175 ita
443 4114 480 4175 ut
494 4107 597 4176 ironia
609 4125 668 4191 per
681 4111 780 4174 totam
793 4107 984 4175 seutentiam
998 4109 1093 4176 dueta
1107 4105 1246 4175 eifioeret
1268 4109 1312 4192 id,
1334 4108 1418 4193 quod

281 4213 427 4302 equidem
458 4213 619 4302 desidero,
642 4213 864 4296 opponendum
881 4216 949 4298 est,
972 4211 1132 4280 consulem
1166 4213 1361 4300 Romanum,
1389 4211 1418 4280 si
