<?xml version="1.0" encoding="UTF-8"?>
<!DOCTYPE html PUBLIC "-//W3C//DTD XHTML 1.0 Transitional//EN"
    "http://www.w3.org/TR/xhtml1/DTD/xhtml1-transitional.dtd">
<html xmlns="http://www.w3.org/1999/xhtml" xml:lang="en" lang="en">
 <head>
  <title>
</title>
<meta http-equiv="Content-Type" content="text/html;charset=utf-8" />
  <meta name='ocr-system' content='tesseract 3.04.00' />
  <meta name='ocr-capabilities' content='ocr_page ocr_carea ocr_par ocr_line ocrx_word'/>
</head>
<body>
  <div class='ocr_page' id='page_1' title='image "./critikasicstudi00mayegoog_0028.png"; bbox 0 0 3302 4956; ppageno 0'>
   <div class='ocr_carea' id='block_1_1' title="bbox 744 349 785 416">
    <p class='ocr_par' dir='ltr' id='par_1_1' title="bbox 744 349 785 416">
     <span class='ocr_line' id='line_1_1' title="bbox 744 349 785 416; baseline 0.049 -2"><span class='ocrx_word' id='word_1_1' title='bbox 744 349 785 416; x_wconf 80' lang='lat'>23</span> 
     </span>
    </p>
   </div>
   <div class='ocr_carea' id='block_1_2' title="bbox 183 557 1346 2109">
    <p class='ocr_par' dir='ltr' id='par_1_2' title="bbox 184 557 1346 1170">
     <span class='ocr_line' id='line_1_2' title="bbox 192 557 1335 646; baseline 0.003 -20"><span class='ocrx_word' id='word_1_2' title='bbox 192 561 245 644; x_wconf 65' lang='lat'>313</span> <span class='ocrx_word' id='word_1_3' title='bbox 267 561 305 628; x_wconf 82' lang='lat'>8:</span> <span class='ocrx_word' id='word_1_4' title='bbox 340 561 418 642; x_wconf 89' lang='lat' dir='ltr'>„sed</span> <span class='ocrx_word' id='word_1_5' title='bbox 447 561 547 644; x_wconf 83' lang='lat' dir='ltr'>louge</span> <span class='ocrx_word' id='word_1_6' title='bbox 570 557 677 630; x_wconf 78' lang='lat' dir='ltr'>acrius‘</span> <span class='ocrx_word' id='word_1_7' title='bbox 705 560 910 644; x_wconf 76' lang='lat' dir='ltr'>Calpurniani</span> <span class='ocrx_word' id='word_1_8' title='bbox 939 564 1062 646; x_wconf 81' lang='lat' dir='ltr'>equites</span> <span class='ocrx_word' id='word_1_9' title='bbox 1094 561 1281 646; x_wconf 80' lang='lat' dir='ltr'>pugnabant</span> <span class='ocrx_word' id='word_1_10' title='bbox 1302 566 1335 629; x_wconf 94' lang='lat' dir='ltr'>et</span> 
     </span>
     <span class='ocr_line' id='line_1_3' title="bbox 191 651 1335 750; baseline 0.001 -18"><span class='ocrx_word' id='word_1_11' title='bbox 191 669 321 749; x_wconf 86' lang='lat' dir='ltr'>praetor</span> <span class='ocrx_word' id='word_1_12' title='bbox 350 669 425 732; x_wconf 90' lang='lat' dir='ltr'>aute</span> <span class='ocrx_word' id='word_1_13' title='bbox 454 660 553 732; x_wconf 78' lang='lat' dir='ltr'>elios:</span> <span class='ocrx_word' id='word_1_14' title='bbox 587 683 661 732; x_wconf 91' lang='lat' dir='ltr'>nam</span> <span class='ocrx_word' id='word_1_15' title='bbox 684 667 718 732; x_wconf 91' lang='lat' dir='ltr'>et</span> <span class='ocrx_word' id='word_1_16' title='bbox 738 665 860 749; x_wconf 87' lang='lat' dir='ltr'>primus</span> <span class='ocrx_word' id='word_1_17' title='bbox 883 665 1008 734; x_wconf 86' lang='lat' dir='ltr'>hostem</span> <span class='ocrx_word' id='word_1_18' title='bbox 1029 651 1335 750; x_wconf 63' lang='lat' dir='ltr'>percussissent</span> 
     </span>
     <span class='ocr_line' id='line_1_4' title="bbox 191 755 1335 854; baseline 0.001 -19"><span class='ocrx_word' id='word_1_19' title='bbox 191 791 224 835; x_wconf 80' lang='lat' dir='ltr'>sc</span> <span class='ocrx_word' id='word_1_20' title='bbox 243 768 569 838; x_wconf 70' lang='lat' dir='ltr'>tmuusccd·mediis“</span> <span class='ocrx_word' id='word_1_21' title='bbox 664 773 696 836; x_wconf 92' lang='lat' dir='ltr'>et</span> <span class='ocrx_word' id='word_1_22' title='bbox 717 767 802 835; x_wconf 82' lang='lat' dir='ltr'>intra</span> <span class='ocrx_word' id='word_1_23' title='bbox 824 773 844 852; x_wconf 59' lang='grc' dir='ltr'>ὅ</span> <span class='ocrx_word' id='word_1_24' title='bbox 867 769 924 836; x_wconf 84' lang='grc'>11;</span> <span class='ocrx_word' id='word_1_25' title='bbox 953 755 1143 854; x_wconf 79' lang='lat' dir='ltr'>„fugientes</span> <span class='ocrx_word' id='word_1_26' title='bbox 1164 761 1201 838; x_wconf 86' lang='lat' dir='ltr'>in</span> <span class='ocrx_word' id='word_1_27' title='bbox 1229 775 1335 838; x_wconf 85' lang='lat' dir='ltr'>castra</span> 
     </span>
     <span class='ocr_line' id='line_1_5' title="bbox 192 872 1334 958; baseline 0 -18"><span class='ocrx_word' id='word_1_28' title='bbox 192 874 316 957; x_wconf 80' lang='lat' dir='ltr'>equites</span> <span class='ocrx_word' id='word_1_29' title='bbox 338 875 499 956; x_wconf 78' lang='lat' dir='ltr'>persecuti</span> <span class='ocrx_word' id='word_1_30' title='bbox 517 877 639 940; x_wconf 83' lang='lat' dir='ltr'>suntet</span> <span class='ocrx_word' id='word_1_31' title='bbox 655 879 807 958; x_wconf 67' lang='lat' dir='ltr'>pemmo</span> <span class='ocrx_word' id='word_1_32' title='bbox 826 877 936 942; x_wconf 78' lang='lat' dir='ltr'>iuriae</span> <span class='ocrx_word' id='word_1_33' title='bbox 953 872 1091 941; x_wconf 91' lang='lat' dir='ltr'>hostium</span> <span class='ocrx_word' id='word_1_34' title='bbox 1109 873 1199 942; x_wconf 87' lang='lat' dir='ltr'>intra</span> <span class='ocrx_word' id='word_1_35' title='bbox 1214 873 1334 942; x_wconf 85' lang='lat' dir='ltr'>vallum</span> 
     </span>
     <span class='ocr_line' id='line_1_6' title="bbox 190 976 1346 1062; baseline -0.001 -16"><span class='ocrx_word' id='word_1_36' title='bbox 190 978 474 1062; x_wconf 85' lang='lat' dir='ltr'>penetraverunt,“</span> <span class='ocrx_word' id='word_1_37' title='bbox 510 993 592 1060; x_wconf 91' lang='lat' dir='ltr'>quae</span> <span class='ocrx_word' id='word_1_38' title='bbox 622 981 731 1044; x_wconf 84' lang='lat' dir='ltr'>temen</span> <span class='ocrx_word' id='word_1_39' title='bbox 762 979 905 1062; x_wconf 83' lang='lat' dir='ltr'>exempta</span> <span class='ocrx_word' id='word_1_40' title='bbox 926 979 1108 1060; x_wconf 90' lang='lat' dir='ltr'>ostendunt,</span> <span class='ocrx_word' id='word_1_41' title='bbox 1130 976 1346 1062; x_wconf 77' lang='lat' dir='ltr'>puuupium·</span> 
     </span>
     <span class='ocr_line' id='line_1_7' title="bbox 184 1083 1146 1170; baseline 0.001 -20"><span class='ocrx_word' id='word_1_42' title='bbox 184 1088 363 1170; x_wconf 72' lang='lat' dir='ltr'>pumicata</span> <span class='ocrx_word' id='word_1_43' title='bbox 384 1083 534 1166; x_wconf 82' lang='lat' dir='ltr'>coniungi·</span> <span class='ocrx_word' id='word_1_44' title='bbox 552 1083 648 1150; x_wconf 85' lang='lat' dir='ltr'>licere</span> <span class='ocrx_word' id='word_1_45' title='bbox 669 1100 740 1149; x_wconf 90' lang='lat' dir='ltr'>cum</span> <span class='ocrx_word' id='word_1_46' title='bbox 763 1083 963 1152; x_wconf 82' lang='lat' dir='ltr'>substantivo</span> <span class='ocrx_word' id='word_1_47' title='bbox 985 1097 1090 1170; x_wconf 72' lang='lat' dir='ltr'>equus·</span> <span class='ocrx_word' id='word_1_48' title='bbox 1143 1101 1146 1110; x_wconf 81' lang='grc'><em>“</em></span> 
     </span>
    </p>

    <p class='ocr_par' dir='ltr' id='par_1_3' title="bbox 183 1186 1343 2109">
     <span class='ocr_line' id='line_1_8' title="bbox 278 1186 1331 1272; baseline 0.001 -19"><span class='ocrx_word' id='word_1_49' title='bbox 278 1187 410 1268; x_wconf 82' lang='lat' dir='ltr'>Quodsi,</span> <span class='ocrx_word' id='word_1_50' title='bbox 431 1192 469 1254; x_wconf 87' lang='lat' dir='ltr'>ut</span> <span class='ocrx_word' id='word_1_51' title='bbox 490 1186 871 1272; x_wconf 50' lang='lat' dir='ltr'>comprehendensque</span> <span class='ocrx_word' id='word_1_52' title='bbox 892 1188 997 1256; x_wconf 80' lang='lat' dir='ltr'>adhuc</span> <span class='ocrx_word' id='word_1_53' title='bbox 1019 1189 1169 1272; x_wconf 78' lang='lat' dir='ltr'>exposui,</span> <span class='ocrx_word' id='word_1_54' title='bbox 1192 1203 1257 1254; x_wconf 85' lang='lat' dir='ltr'>nou</span> <span class='ocrx_word' id='word_1_55' title='bbox 1279 1206 1331 1257; x_wconf 91' lang='lat' dir='ltr'>co-</span> 
     </span>
     <span class='ocr_line' id='line_1_9' title="bbox 190 1292 1333 1377; baseline 0.003 -19"><span class='ocrx_word' id='word_1_56' title='bbox 190 1293 294 1360; x_wconf 90' lang='lat' dir='ltr'>nicere</span> <span class='ocrx_word' id='word_1_57' title='bbox 315 1293 364 1358; x_wconf 90' lang='lat' dir='ltr'>vis</span> <span class='ocrx_word' id='word_1_58' title='bbox 379 1297 559 1377; x_wconf 74' lang='lat' dir='ltr'>permissus</span> <span class='ocrx_word' id='word_1_59' title='bbox 581 1293 690 1360; x_wconf 87' lang='lat' dir='ltr'>dicens</span> <span class='ocrx_word' id='word_1_60' title='bbox 721 1311 792 1360; x_wconf 91' lang='lat' dir='ltr'>cum</span> <span class='ocrx_word' id='word_1_61' title='bbox 813 1292 993 1376; x_wconf 84' lang='lat' dir='ltr'>Madvigio,</span> <span class='ocrx_word' id='word_1_62' title='bbox 1009 1323 1012 1332; x_wconf 37' lang='lat' dir='ltr'><em>v</em></span> <span class='ocrx_word' id='word_1_63' title='bbox 1026 1293 1243 1361; x_wconf 84' lang='lat' dir='ltr'>accusativum</span> <span class='ocrx_word' id='word_1_64' title='bbox 1265 1315 1333 1361; x_wconf 79' lang='lat' dir='ltr'>rom</span> 
     </span>
     <span class='ocr_line' id='line_1_10' title="bbox 191 1396 1332 1482; baseline 0.003 -20"><span class='ocrx_word' id='word_1_65' title='bbox 191 1400 297 1462; x_wconf 91' lang='lat' dir='ltr'>ortum</span> <span class='ocrx_word' id='word_1_66' title='bbox 318 1413 388 1463; x_wconf 84' lang='lat' dir='ltr'>erse</span> <span class='ocrx_word' id='word_1_67' title='bbox 406 1413 444 1462; x_wconf 86' lang='lat' dir='ltr'>ex</span> <span class='ocrx_word' id='word_1_68' title='bbox 466 1397 787 1482; x_wconf 60' lang='lat' dir='ltr'>praepositionem,</span> <span class='ocrx_word' id='word_1_69' title='bbox 809 1399 967 1482; x_wconf 86' lang='lat' dir='ltr'>usquein</span> <span class='ocrx_word' id='word_1_70' title='bbox 989 1397 1094 1465; x_wconf 89' lang='lat' dir='ltr'>auimo</span> <span class='ocrx_word' id='word_1_71' title='bbox 1116 1396 1215 1464; x_wconf 86' lang='lat' dir='ltr'>habes</span> <span class='ocrx_word' id='word_1_72' title='bbox 1229 1397 1332 1465; x_wconf 87' lang='lat' dir='ltr'>Weis-</span> 
     </span>
     <span class='ocr_line' id='line_1_11' title="bbox 190 1499 1332 1585; baseline 0 -17"><span class='ocrx_word' id='word_1_73' title='bbox 190 1500 368 1568; x_wconf 87' lang='lat' dir='ltr'>senbornio·</span> <span class='ocrx_word' id='word_1_74' title='bbox 381 1500 629 1584; x_wconf 79' lang='lat' dir='ltr'>adsentirequi</span> <span class='ocrx_word' id='word_1_75' title='bbox 648 1501 838 1585; x_wconf 85' lang='lat' dir='ltr'>suspicatur,</span> <span class='ocrx_word' id='word_1_76' title='bbox 862 1519 897 1569; x_wconf 92' lang='lat' dir='ltr'>es</span> <span class='ocrx_word' id='word_1_77' title='bbox 913 1501 1036 1568; x_wconf 77' lang='lat' dir='ltr'>konnte</span> <span class='ocrx_word' id='word_1_78' title='bbox 1058 1500 1141 1568; x_wconf 88' lang='lat' dir='ltr'>nach</span> <span class='ocrx_word' id='word_1_79' title='bbox 1161 1523 1229 1568; x_wconf 81' lang='lat' dir='ltr'>rem</span> <span class='ocrx_word' id='word_1_80' title='bbox 1251 1499 1332 1568; x_wconf 86' lang='lat' dir='ltr'>euch</span> 
     </span>
     <span class='ocr_line' id='line_1_12' title="bbox 190 1602 1331 1693; baseline -0.001 -21"><span class='ocrx_word' id='word_1_81' title='bbox 190 1606 241 1672; x_wconf 88' lang='lat' dir='ltr'>ein</span> <span class='ocrx_word' id='word_1_82' title='bbox 263 1605 400 1690; x_wconf 86' lang='lat' dir='ltr'>Particip</span> <span class='ocrx_word' id='word_1_83' title='bbox 424 1603 591 1693; x_wconf 72' lang='lat' dir='ltr'>(gerensi)</span> <span class='ocrx_word' id='word_1_84' title='bbox 616 1602 814 1690; x_wconf 83' lang='lat' dir='ltr'>anagefallen&#39;</span> <span class='ocrx_word' id='word_1_85' title='bbox 836 1607 919 1689; x_wconf 89' lang='lat' dir='ltr'>sein,</span> <span class='ocrx_word' id='word_1_86' title='bbox 941 1605 989 1672; x_wconf 85' lang='lat' dir='ltr'>ita</span> <span class='ocrx_word' id='word_1_87' title='bbox 1011 1609 1048 1672; x_wconf 94' lang='lat' dir='ltr'>ut</span> <span class='ocrx_word' id='word_1_88' title='bbox 1070 1605 1331 1673; x_wconf 79' lang='lat' dir='ltr'>concurrentibus</span> 
     </span>
     <span class='ocr_line' id='line_1_13' title="bbox 191 1701 1333 1796; baseline 0 -18"><span class='ocrx_word' id='word_1_89' title='bbox 191 1709 316 1778; x_wconf 84' lang='lat' dir='ltr'>duobus</span> <span class='ocrx_word' id='word_1_90' title='bbox 338 1701 515 1794; x_wconf 83' lang='lat' dir='ltr'>participiis</span> <span class='ocrx_word' id='word_1_91' title='bbox 537 1709 624 1778; x_wconf 83' lang='lat' dir='ltr'>haud</span> <span class='ocrx_word' id='word_1_92' title='bbox 647 1701 810 1794; x_wconf 77' lang='lat' dir='ltr'>eleganter</span> <span class='ocrx_word' id='word_1_93' title='bbox 830 1711 975 1794; x_wconf 85' lang='lat' dir='ltr'>legatur:</span> <span class='ocrx_word' id='word_1_94' title='bbox 997 1715 1052 1791; x_wconf 89' lang='lat' dir='ltr'>„et</span> <span class='ocrx_word' id='word_1_95' title='bbox 1070 1715 1111 1776; x_wconf 91' lang='lat' dir='ltr'>ut</span> <span class='ocrx_word' id='word_1_96' title='bbox 1132 1732 1200 1777; x_wconf 79' lang='lat' dir='ltr'>rem</span> <span class='ocrx_word' id='word_1_97' title='bbox 1220 1723 1333 1796; x_wconf 75' lang='lat' dir='ltr'>pererro</span> 
     </span>
     <span class='ocr_line' id='line_1_14' title="bbox 183 1813 1343 1912; baseline -0.003 -28"><span class='ocrx_word' id='word_1_98' title='bbox 183 1813 585 1900; x_wconf 54' lang='lat' dir='ltr'>commeantiumque]</span> <span class='ocrx_word' id='word_1_99' title='bbox 609 1816 699 1883; x_wconf 90' lang='lat' dir='ltr'>nobis</span> <span class='ocrx_word' id='word_1_100' title='bbox 722 1819 785 1898; x_wconf 91' lang='lat' dir='ltr'>est,</span> <span class='ocrx_word' id='word_1_101' title='bbox 808 1815 887 1898; x_wconf 90' lang='lat' dir='ltr'>quid</span> <span class='ocrx_word' id='word_1_102' title='bbox 908 1815 949 1882; x_wconf 90' lang='lat' dir='ltr'>de</span> <span class='ocrx_word' id='word_1_103' title='bbox 969 1815 1136 1898; x_wconf 82' lang='lat' dir='ltr'>parucipio</span> <span class='ocrx_word' id='word_1_104' title='bbox 1155 1820 1343 1912; x_wconf 50' lang='lat' dir='ltr'>perstrictos¹</span> 
     </span>
     <span class='ocr_line' id='line_1_15' title="bbox 189 1911 1341 1990; baseline 0.001 -4"><span class='ocrx_word' id='word_1_105' title='bbox 189 1919 352 1990; x_wconf 86' lang='lat' dir='ltr'>faciamus.</span> <span class='ocrx_word' id='word_1_106' title='bbox 1138 1935 1141 1942; x_wconf 57' lang='lat'><em>⁴</em></span> <span class='ocrx_word' id='word_1_107' title='bbox 1166 1915 1168 1919; x_wconf 75' lang='grc'><strong>’</strong></span> <span class='ocrx_word' id='word_1_108' title='bbox 1204 1957 1206 1962; x_wconf 93' lang='grc'>-</span> <span class='ocrx_word' id='word_1_109' title='bbox 1339 1911 1341 1916; x_wconf 80' lang='grc'><strong>’</strong></span> 
     </span>
     <span class='ocr_line' id='line_1_16' title="bbox 275 2015 1332 2109; baseline -0.002 -17"><span class='ocrx_word' id='word_1_110' title='bbox 275 2025 346 2092; x_wconf 89' lang='lat' dir='ltr'>Hoc</span> <span class='ocrx_word' id='word_1_111' title='bbox 360 2025 506 2108; x_wconf 91' lang='lat' dir='ltr'>equidem</span> <span class='ocrx_word' id='word_1_112' title='bbox 521 2025 652 2092; x_wconf 87' lang='lat' dir='ltr'>verbum</span> <span class='ocrx_word' id='word_1_113' title='bbox 670 2028 771 2109; x_wconf 88' lang='lat' dir='ltr'>teneo,</span> <span class='ocrx_word' id='word_1_114' title='bbox 793 2015 930 2109; x_wconf 87' lang='lat' dir='ltr'>primum</span> <span class='ocrx_word' id='word_1_115' title='bbox 949 2027 1035 2109; x_wconf 92' lang='lat' dir='ltr'>quod</span> <span class='ocrx_word' id='word_1_116' title='bbox 1048 2024 1159 2092; x_wconf 88' lang='lat' dir='ltr'>Livius</span> <span class='ocrx_word' id='word_1_117' title='bbox 1181 2023 1247 2091; x_wconf 87' lang='lat' dir='ltr'>isto</span> <span class='ocrx_word' id='word_1_118' title='bbox 1262 2023 1332 2090; x_wconf 87' lang='lat' dir='ltr'>loco</span> 
     </span>
    </p>
   </div>
   <div class='ocr_carea' id='block_1_3' title="bbox 68 2101 1331 2214">
    <p class='ocr_par' dir='ltr' id='par_1_4' title="bbox 68 2101 1331 2214">
     <span class='ocr_line' id='line_1_17' title="bbox 68 2101 1331 2214; baseline -0.003 -18"><span class='ocrx_word' id='word_1_119' title='bbox 68 2101 71 2108; x_wconf 53' lang='grc'>’</span> <span class='ocrx_word' id='word_1_120' title='bbox 190 2134 313 2196; x_wconf 84' lang='lat' dir='ltr'>statum</span> <span class='ocrx_word' id='word_1_121' title='bbox 334 2129 437 2212; x_wconf 84' lang='lat' dir='ltr'>proeli</span> <span class='ocrx_word' id='word_1_122' title='bbox 459 2129 641 2212; x_wconf 88' lang='lat' dir='ltr'>duransque</span> <span class='ocrx_word' id='word_1_123' title='bbox 663 2133 825 2198; x_wconf 90' lang='lat' dir='ltr'>certamen</span> <span class='ocrx_word' id='word_1_124' title='bbox 848 2131 1066 2214; x_wconf 88' lang='lat' dir='ltr'>descripturus</span> <span class='ocrx_word' id='word_1_125' title='bbox 1091 2132 1150 2211; x_wconf 76' lang='lat' dir='ltr'>est,</span> <span class='ocrx_word' id='word_1_126' title='bbox 1166 2111 1331 2196; x_wconf 81' lang='lat' dir='ltr'>¹vocabulo</span> 
     </span>
    </p>
   </div>
   <div class='ocr_carea' id='block_1_4' title="bbox 183 2221 1343 4200">
    <p class='ocr_par' dir='ltr' id='par_1_5' title="bbox 183 2221 1331 2946">
     <span class='ocr_line' id='line_1_18' title="bbox 183 2221 1331 2321; baseline -0.003 -19"><span class='ocrx_word' id='word_1_127' title='bbox 183 2239 363 2321; x_wconf 79' lang='lat' dir='ltr'>permissus</span> <span class='ocrx_word' id='word_1_128' title='bbox 398 2238 506 2302; x_wconf 85' lang='lat' dir='ltr'>autem</span> <span class='ocrx_word' id='word_1_129' title='bbox 542 2234 713 2320; x_wconf 78' lang='lat' dir='ltr'>praecipue</span> <span class='ocrx_word' id='word_1_130' title='bbox 744 2235 865 2319; x_wconf 90' lang='lat' dir='ltr'>primus</span> <span class='ocrx_word' id='word_1_131' title='bbox 895 2235 1033 2319; x_wconf 90' lang='lat' dir='ltr'>impetus</span> <span class='ocrx_word' id='word_1_132' title='bbox 1065 2233 1195 2302; x_wconf 80' lang='lat' dir='ltr'>effertur</span> <span class='ocrx_word' id='word_1_133' title='bbox 1228 2221 1331 2314; x_wconf 86' lang='lat' dir='ltr'>nequ&#39;e</span> 
     </span>
     <span class='ocr_line' id='line_1_19' title="bbox 191 2335 1331 2422; baseline -0.005 -16"><span class='ocrx_word' id='word_1_134' title='bbox 191 2336 401 2422; x_wconf 81' lang='lat' dir='ltr'>significatur,</span> <span class='ocrx_word' id='word_1_135' title='bbox 428 2337 554 2422; x_wconf 90' lang='lat' dir='ltr'>equites</span> <span class='ocrx_word' id='word_1_136' title='bbox 575 2355 646 2404; x_wconf 90' lang='lat' dir='ltr'>cum</span> <span class='ocrx_word' id='word_1_137' title='bbox 665 2336 811 2406; x_wconf 84' lang='lat' dir='ltr'>hostibus</span> <span class='ocrx_word' id='word_1_138' title='bbox 834 2338 934 2422; x_wconf 80' lang='lat' dir='ltr'>signis</span> <span class='ocrx_word' id='word_1_139' title='bbox 957 2337 1081 2406; x_wconf 81' lang='lat' dir='ltr'>collatis</span> <span class='ocrx_word' id='word_1_140' title='bbox 1103 2335 1229 2421; x_wconf 84' lang='lat' dir='ltr'>longius</span> <span class='ocrx_word' id='word_1_141' title='bbox 1251 2352 1331 2418; x_wconf 84' lang='lat' dir='ltr'>pug-</span> 
     </span>
     <span class='ocr_line' id='line_1_20' title="bbox 189 2441 1331 2530; baseline -0.002 -20"><span class='ocrx_word' id='word_1_142' title='bbox 189 2463 284 2530; x_wconf 87' lang='lat' dir='ltr'>nare,</span> <span class='ocrx_word' id='word_1_143' title='bbox 317 2444 363 2510; x_wconf 87' lang='lat' dir='ltr'>ita</span> <span class='ocrx_word' id='word_1_144' title='bbox 384 2447 422 2510; x_wconf 88' lang='lat' dir='ltr'>ut</span> <span class='ocrx_word' id='word_1_145' title='bbox 442 2443 555 2509; x_wconf 90' lang='lat' dir='ltr'>modus</span> <span class='ocrx_word' id='word_1_146' title='bbox 584 2443 686 2526; x_wconf 90' lang='lat' dir='ltr'>proeli</span> <span class='ocrx_word' id='word_1_147' title='bbox 713 2441 889 2528; x_wconf 81' lang='lat' dir='ltr'>faciesque,</span> <span class='ocrx_word' id='word_1_148' title='bbox 924 2447 962 2510; x_wconf 89' lang='lat' dir='ltr'>ut</span> <span class='ocrx_word' id='word_1_149' title='bbox 982 2443 1029 2509; x_wconf 86' lang='lat' dir='ltr'>ita</span> <span class='ocrx_word' id='word_1_150' title='bbox 1050 2441 1171 2525; x_wconf 86' lang='lat' dir='ltr'>dicam,</span> <span class='ocrx_word' id='word_1_151' title='bbox 1203 2447 1331 2524; x_wconf 81' lang='lat' dir='ltr'>pugnae</span> 
     </span>
     <span class='ocr_line' id='line_1_21' title="bbox 190 2545 1329 2644; baseline -0.005 -28"><span class='ocrx_word' id='word_1_152' title='bbox 190 2549 321 2634; x_wconf 83' lang='lat' dir='ltr'>exprimi</span> <span class='ocrx_word' id='word_1_153' title='bbox 350 2548 474 2631; x_wconf 84' lang='lat' dir='ltr'>posstt;</span> <span class='ocrx_word' id='word_1_154' title='bbox 509 2547 626 2614; x_wconf 86' lang='lat' dir='ltr'>etenim</span> <span class='ocrx_word' id='word_1_155' title='bbox 656 2548 763 2615; x_wconf 89' lang='lat' dir='ltr'>omnia</span> <span class='ocrx_word' id='word_1_156' title='bbox 793 2548 954 2644; x_wconf 85' lang='lat' dir='ltr'>exempla,</span> <span class='ocrx_word' id='word_1_157' title='bbox 988 2551 1069 2632; x_wconf 87' lang='lat' dir='ltr'>quae</span> <span class='ocrx_word' id='word_1_158' title='bbox 1099 2545 1329 2630; x_wconf 77' lang='lat' dir='ltr'>supraposui,</span> 
     </span>
     <span class='ocr_line' id='line_1_22' title="bbox 189 2641 1329 2739; baseline -0.003 -17"><span class='ocrx_word' id='word_1_159' title='bbox 189 2655 374 2734; x_wconf 81' lang='lat' dir='ltr'>osunoum,</span> <span class='ocrx_word' id='word_1_160' title='bbox 396 2641 534 2736; x_wconf 73' lang='lat' dir='ltr'>equus,</span> <span class='ocrx_word' id='word_1_161' title='bbox 549 2651 605 2720; x_wconf 84' lang='lat' dir='ltr'>uui</span> <span class='ocrx_word' id='word_1_162' title='bbox 619 2659 760 2720; x_wconf 39' lang='lat' dir='ltr'>xemmae·</span> <span class='ocrx_word' id='word_1_163' title='bbox 776 2657 832 2719; x_wconf 78' lang='lat' dir='ltr'>sut</span> <span class='ocrx_word' id='word_1_164' title='bbox 842 2658 998 2739; x_wconf 62' lang='lat' dir='ltr'>pamma·</span> <span class='ocrx_word' id='word_1_165' title='bbox 1015 2658 1072 2720; x_wconf 80' lang='lat' dir='ltr'>aut</span> <span class='ocrx_word' id='word_1_166' title='bbox 1093 2658 1202 2720; x_wconf 73' lang='lat' dir='ltr'>assu</span> <span class='ocrx_word' id='word_1_167' title='bbox 1221 2652 1329 2721; x_wconf 77' lang='lat' dir='ltr'>moun·</span> 
     </span>
     <span class='ocr_line' id='line_1_23' title="bbox 189 2748 1329 2841; baseline -0.001 -16"><span class='ocrx_word' id='word_1_168' title='bbox 189 2765 251 2838; x_wconf 89' lang='lat' dir='ltr'>tur,</span> <span class='ocrx_word' id='word_1_169' title='bbox 274 2758 420 2826; x_wconf 88' lang='lat' dir='ltr'>celeriter</span> <span class='ocrx_word' id='word_1_170' title='bbox 440 2773 510 2824; x_wconf 87' lang='lat' dir='ltr'>rem</span> <span class='ocrx_word' id='word_1_171' title='bbox 531 2775 657 2839; x_wconf 85' lang='lat' dir='ltr'>gerere·</span> <span class='ocrx_word' id='word_1_172' title='bbox 673 2748 842 2840; x_wconf 85' lang='lat' dir='ltr'>subitoque</span> <span class='ocrx_word' id='word_1_173' title='bbox 862 2775 930 2824; x_wconf 91' lang='lat' dir='ltr'>rem</span> <span class='ocrx_word' id='word_1_174' title='bbox 952 2761 1056 2824; x_wconf 86' lang='lat' dir='ltr'>actam</span> <span class='ocrx_word' id='word_1_175' title='bbox 1078 2774 1167 2824; x_wconf 82' lang='lat' dir='ltr'>esse:</span> <span class='ocrx_word' id='word_1_176' title='bbox 1199 2756 1329 2841; x_wconf 82' lang='lat' dir='ltr'>„tourba-</span> 
     </span>
     <span class='ocr_line' id='line_1_24' title="bbox 188 2857 1207 2946; baseline 0.001 -18"><span class='ocrx_word' id='word_1_177' title='bbox 188 2863 439 2942; x_wconf 52' lang='lat' dir='ltr'>verotaciemm</span> <span class='ocrx_word' id='word_1_178' title='bbox 461 2860 603 2945; x_wconf 72' lang='lat' dir='ltr'>,Tuscos</span> <span class='ocrx_word' id='word_1_179' title='bbox 626 2857 731 2928; x_wconf 85' lang='lat' dir='ltr'>fundit</span> <span class='ocrx_word' id='word_1_180' title='bbox 739 2861 769 2944; x_wconf 87' lang='lat'>;“</span> <span class='ocrx_word' id='word_1_181' title='bbox 791 2861 930 2946; x_wconf 79' lang='lat' dir='ltr'>„exigite</span> <span class='ocrx_word' id='word_1_182' title='bbox 951 2879 969 2927; x_wconf 91' lang='lat' dir='ltr'>e</span> <span class='ocrx_word' id='word_1_183' title='bbox 992 2861 1134 2945; x_wconf 85' lang='lat' dir='ltr'>compo.“</span> <span class='ocrx_word' id='word_1_184' title='bbox 1204 2889 1207 2896; x_wconf 92' lang='lat'>·</span> 
     </span>
    </p>

    <p class='ocr_par' dir='ltr' id='par_1_6' title="bbox 183 2965 1343 4200">
     <span class='ocr_line' id='line_1_25' title="bbox 275 2965 1329 3060; baseline 0.001 -28"><span class='ocrx_word' id='word_1_185' title='bbox 275 2967 372 3034; x_wconf 89' lang='lat' dir='ltr'>Dicas</span> <span class='ocrx_word' id='word_1_186' title='bbox 394 2965 532 3032; x_wconf 80' lang='lat' dir='ltr'>forsitan</span> <span class='ocrx_word' id='word_1_187' title='bbox 549 2983 621 3032; x_wconf 92' lang='lat' dir='ltr'>esse</span> <span class='ocrx_word' id='word_1_188' title='bbox 637 2965 670 3030; x_wconf 89' lang='lat' dir='ltr'>in</span> <span class='ocrx_word' id='word_1_189' title='bbox 691 2965 860 3049; x_wconf 87' lang='lat' dir='ltr'>participio</span> <span class='ocrx_word' id='word_1_190' title='bbox 876 2971 1056 3052; x_wconf 68' lang='lat' dir='ltr'>pumicum</span> <span class='ocrx_word' id='word_1_191' title='bbox 1073 2967 1136 3034; x_wconf 91' lang='lat' dir='ltr'>duo</span> <span class='ocrx_word' id='word_1_192' title='bbox 1158 2971 1329 3060; x_wconf 81' lang='lat' dir='ltr'>momente,</span> 
     </span>
     <span class='ocr_line' id='line_1_26' title="bbox 189 3061 1329 3166; baseline 0 -28"><span class='ocrx_word' id='word_1_193' title='bbox 189 3089 297 3152; x_wconf 90' lang='lat' dir='ltr'>uuum,</span> <span class='ocrx_word' id='word_1_194' title='bbox 320 3070 375 3139; x_wconf 91' lang='lat' dir='ltr'>ubi</span> <span class='ocrx_word' id='word_1_195' title='bbox 397 3087 495 3155; x_wconf 87' lang='lat' dir='ltr'>eques</span> <span class='ocrx_word' id='word_1_196' title='bbox 513 3069 655 3136; x_wconf 88' lang='lat' dir='ltr'>nondum</span> <span class='ocrx_word' id='word_1_197' title='bbox 673 3069 753 3166; x_wconf 80' lang='lat' dir='ltr'>satis</span> <span class='ocrx_word' id='word_1_198' title='bbox 774 3087 964 3154; x_wconf 85' lang='lat' dir='ltr'>progressus</span> <span class='ocrx_word' id='word_1_199' title='bbox 984 3071 1116 3155; x_wconf 86' lang='lat' dir='ltr'>cuspide</span> <span class='ocrx_word' id='word_1_200' title='bbox 1138 3087 1175 3140; x_wconf 90' lang='lat' dir='ltr'>se</span> <span class='ocrx_word' id='word_1_201' title='bbox 1194 3061 1329 3150; x_wconf 76' lang='lat' dir='ltr'>tutatur,</span> 
     </span>
     <span class='ocr_line' id='line_1_27' title="bbox 188 3168 1328 3260; baseline 0.002 -18"><span class='ocrx_word' id='word_1_202' title='bbox 188 3177 333 3260; x_wconf 88' lang='lat' dir='ltr'>alterum,</span> <span class='ocrx_word' id='word_1_203' title='bbox 354 3175 411 3242; x_wconf 92' lang='lat' dir='ltr'>ubi</span> <span class='ocrx_word' id='word_1_204' title='bbox 431 3168 561 3258; x_wconf 89' lang='lat' dir='ltr'>propius</span> <span class='ocrx_word' id='word_1_205' title='bbox 584 3175 737 3242; x_wconf 89' lang='lat' dir='ltr'>accedens</span> <span class='ocrx_word' id='word_1_206' title='bbox 759 3173 934 3241; x_wconf 90' lang='lat' dir='ltr'>comminus</span> <span class='ocrx_word' id='word_1_207' title='bbox 953 3173 1063 3257; x_wconf 76' lang='lat' dir='ltr'>gladio</span> <span class='ocrx_word' id='word_1_208' title='bbox 1084 3174 1194 3244; x_wconf 86' lang='lat' dir='ltr'>hostes</span> <span class='ocrx_word' id='word_1_209' title='bbox 1216 3191 1328 3260; x_wconf 81' lang='lat' dir='ltr'>aggre-</span> 
     </span>
     <span class='ocr_line' id='line_1_28' title="bbox 189 3278 1328 3364; baseline 0 -15"><span class='ocrx_word' id='word_1_210' title='bbox 189 3282 285 3349; x_wconf 90' lang='lat' dir='ltr'>ditur.</span> <span class='ocrx_word' id='word_1_211' title='bbox 308 3286 342 3348; x_wconf 87' lang='lat' dir='ltr'>at</span> <span class='ocrx_word' id='word_1_212' title='bbox 362 3279 443 3348; x_wconf 92' lang='lat' dir='ltr'>illud</span> <span class='ocrx_word' id='word_1_213' title='bbox 462 3280 552 3364; x_wconf 85' lang='lat' dir='ltr'>prius</span> <span class='ocrx_word' id='word_1_214' title='bbox 573 3284 766 3348; x_wconf 85' lang='lat' dir='ltr'>momentum</span> <span class='ocrx_word' id='word_1_215' title='bbox 788 3295 1060 3364; x_wconf 78' lang='lat' dir='ltr'>superuacaneum</span> <span class='ocrx_word' id='word_1_216' title='bbox 1084 3278 1234 3349; x_wconf 86' lang='lat' dir='ltr'>hocloco</span> <span class='ocrx_word' id='word_1_217' title='bbox 1255 3291 1328 3350; x_wconf 87' lang='lat' dir='ltr'>osse</span> 
     </span>
     <span class='ocr_line' id='line_1_29' title="bbox 189 3382 1327 3470; baseline -0.003 -17"><span class='ocrx_word' id='word_1_218' title='bbox 189 3389 337 3470; x_wconf 82' lang='lat' dir='ltr'>apparet,</span> <span class='ocrx_word' id='word_1_219' title='bbox 369 3384 454 3468; x_wconf 93' lang='lat' dir='ltr'>quod</span> <span class='ocrx_word' id='word_1_220' title='bbox 483 3383 547 3450; x_wconf 91' lang='lat' dir='ltr'>iam</span> <span class='ocrx_word' id='word_1_221' title='bbox 577 3401 674 3466; x_wconf 83' lang='lat' dir='ltr'>supra</span> <span class='ocrx_word' id='word_1_222' title='bbox 697 3382 714 3467; x_wconf 65' lang='grc' dir='ltr'>ξ</span> <span class='ocrx_word' id='word_1_223' title='bbox 739 3388 757 3448; x_wconf 79' lang='lat'>5</span> <span class='ocrx_word' id='word_1_224' title='bbox 780 3383 904 3469; x_wconf 90' lang='lat' dir='ltr'>equites</span> <span class='ocrx_word' id='word_1_225' title='bbox 932 3384 1083 3451; x_wconf 87' lang='lat' dir='ltr'>dicuntur</span> <span class='ocrx_word' id='word_1_226' title='bbox 1112 3389 1327 3453; x_wconf 68' lang='lat' dir='ltr'>commosse:</span> 
     </span>
     <span class='ocr_line' id='line_1_30' title="bbox 187 3487 1326 3573; baseline -0.001 -17"><span class='ocrx_word' id='word_1_227' title='bbox 187 3491 249 3573; x_wconf 87' lang='lat' dir='ltr'>„ad</span> <span class='ocrx_word' id='word_1_228' title='bbox 281 3489 403 3573; x_wconf 89' lang='lat' dir='ltr'>equites</span> <span class='ocrx_word' id='word_1_229' title='bbox 433 3487 540 3573; x_wconf 85' lang='lat' dir='ltr'>pergit</span> <span class='ocrx_word' id='word_1_230' title='bbox 569 3487 737 3572; x_wconf 89' lang='lat' dir='ltr'>iussosque</span> <span class='ocrx_word' id='word_1_231' title='bbox 769 3489 939 3556; x_wconf 89' lang='lat' dir='ltr'>escendere</span> <span class='ocrx_word' id='word_1_232' title='bbox 966 3489 999 3555; x_wconf 94' lang='lat' dir='ltr'>iu</span> <span class='ocrx_word' id='word_1_233' title='bbox 1021 3500 1118 3573; x_wconf 88' lang='lat' dir='ltr'>equos</span> <span class='ocrx_word' id='word_1_234' title='bbox 1140 3492 1272 3571; x_wconf 88' lang='lat' dir='ltr'>repente</span> <span class='ocrx_word' id='word_1_235' title='bbox 1293 3489 1326 3555; x_wconf 91' lang='lat' dir='ltr'>iu</span> 
     </span>
     <span class='ocr_line' id='line_1_31' title="bbox 187 3592 1327 3677; baseline 0.001 -18"><span class='ocrx_word' id='word_1_236' title='bbox 187 3593 313 3661; x_wconf 89' lang='lat' dir='ltr'>hostem</span> <span class='ocrx_word' id='word_1_237' title='bbox 334 3593 481 3672; x_wconf 78' lang='lat' dir='ltr'>emdui,·“</span> <span class='ocrx_word' id='word_1_238' title='bbox 512 3598 546 3659; x_wconf 88' lang='lat' dir='ltr'>et</span> <span class='ocrx_word' id='word_1_239' title='bbox 577 3593 653 3677; x_wconf 88' lang='lat' dir='ltr'>quio</span> <span class='ocrx_word' id='word_1_240' title='bbox 674 3592 810 3675; x_wconf 88' lang='lat' dir='ltr'>repetito</span> <span class='ocrx_word' id='word_1_241' title='bbox 832 3593 987 3662; x_wconf 86' lang='lat' dir='ltr'>vocabulo</span> <span class='ocrx_word' id='word_1_242' title='bbox 1009 3598 1128 3661; x_wconf 72' lang='lat' dir='ltr'>mettere</span> <span class='ocrx_word' id='word_1_243' title='bbox 1157 3609 1211 3660; x_wconf 86' lang='lat' dir='ltr'>res</span> <span class='ocrx_word' id='word_1_244' title='bbox 1235 3594 1327 3677; x_wconf 89' lang='lat' dir='ltr'>quasi</span> 
     </span>
     <span class='ocr_line' id='line_1_32' title="bbox 187 3696 1343 3782; baseline 0 -18"><span class='ocrx_word' id='word_1_245' title='bbox 187 3699 317 3781; x_wconf 83' lang='lat' dir='ltr'>insistit,</span> <span class='ocrx_word' id='word_1_246' title='bbox 340 3715 399 3764; x_wconf 92' lang='lat' dir='ltr'>uec</span> <span class='ocrx_word' id='word_1_247' title='bbox 416 3697 457 3764; x_wconf 87' lang='lat' dir='ltr'>ad</span> <span class='ocrx_word' id='word_1_248' title='bbox 473 3715 610 3780; x_wconf 80' lang='lat' dir='ltr'>pugnam</span> <span class='ocrx_word' id='word_1_249' title='bbox 630 3697 823 3780; x_wconf 84' lang='lat' dir='ltr'>caedemque</span> <span class='ocrx_word' id='word_1_250' title='bbox 839 3699 992 3781; x_wconf 82' lang='lat' dir='ltr'>procedit,</span> <span class='ocrx_word' id='word_1_251' title='bbox 1009 3697 1105 3782; x_wconf 90' lang='lat' dir='ltr'>idque</span> <span class='ocrx_word' id='word_1_252' title='bbox 1122 3696 1219 3775; x_wconf 89' lang='lat' dir='ltr'>deest,</span> <span class='ocrx_word' id='word_1_253' title='bbox 1241 3697 1343 3781; x_wconf 62' lang='lat' dir='ltr'>qood⁴</span> 
     </span>
     <span class='ocr_line' id='line_1_33' title="bbox 189 3799 1327 3885; baseline 0 -17"><span class='ocrx_word' id='word_1_254' title='bbox 189 3801 341 3868; x_wconf 83' lang='lat' dir='ltr'>Germani</span> <span class='ocrx_word' id='word_1_255' title='bbox 362 3801 474 3868; x_wconf 92' lang='lat' dir='ltr'>dicunt</span> <span class='ocrx_word' id='word_1_256' title='bbox 496 3799 753 3885; x_wconf 82' lang='lat' dir='ltr'>Kampfgewdhl,</span> <span class='ocrx_word' id='word_1_257' title='bbox 785 3802 871 3884; x_wconf 89' lang='lat' dir='ltr'>quod</span> <span class='ocrx_word' id='word_1_258' title='bbox 899 3801 952 3869; x_wconf 89' lang='lat' dir='ltr'>hic</span> <span class='ocrx_word' id='word_1_259' title='bbox 978 3800 1213 3884; x_wconf 87' lang='lat' dir='ltr'>desideramus,</span> <span class='ocrx_word' id='word_1_260' title='bbox 1242 3801 1327 3870; x_wconf 87' lang='lat' dir='ltr'>sicut</span> 
     </span>
     <span class='ocr_line' id='line_1_34' title="bbox 189 3901 1326 3989; baseline 0.003 -17"><span class='ocrx_word' id='word_1_261' title='bbox 189 3907 299 3972; x_wconf 87' lang='lat' dir='ltr'>datum</span> <span class='ocrx_word' id='word_1_262' title='bbox 321 3911 371 3973; x_wconf 89' lang='lat' dir='ltr'>est</span> <span class='ocrx_word' id='word_1_263' title='bbox 383 3901 548 3984; x_wconf 86' lang='lat' dir='ltr'>XXXIX,</span> <span class='ocrx_word' id='word_1_264' title='bbox 562 3903 615 3986; x_wconf 86' lang='lat'>31,</span> <span class='ocrx_word' id='word_1_265' title='bbox 631 3911 667 3974; x_wconf 86' lang='lat'>9:</span> <span class='ocrx_word' id='word_1_266' title='bbox 690 3924 746 3989; x_wconf 89' lang='lat' dir='ltr'>„se</span> <span class='ocrx_word' id='word_1_267' title='bbox 763 3905 937 3973; x_wconf 85' lang='lat' dir='ltr'>immiscuit</span> <span class='ocrx_word' id='word_1_268' title='bbox 953 3907 1074 3986; x_wconf 89' lang='lat' dir='ltr'>mediis,</span> <span class='ocrx_word' id='word_1_269' title='bbox 1095 3915 1131 3974; x_wconf 80' lang='lat' dir='ltr'>ct</span> <span class='ocrx_word' id='word_1_270' title='bbox 1149 3912 1204 3974; x_wconf 70' lang='lat' dir='ltr'>cic</span> <span class='ocrx_word' id='word_1_271' title='bbox 1223 3912 1326 3974; x_wconf 81' lang='lat' dir='ltr'>utrius</span> 
     </span>
     <span class='ocr_line' id='line_1_35' title="bbox 183 4009 1325 4097; baseline 0.002 -21"><span class='ocrx_word' id='word_1_272' title='bbox 183 4014 387 4096; x_wconf 73' lang='lat' dir='ltr'>perdamnat</span> <span class='ocrx_word' id='word_1_273' title='bbox 407 4010 497 4075; x_wconf 90' lang='lat' dir='ltr'>nosci</span> <span class='ocrx_word' id='word_1_274' title='bbox 517 4009 656 4093; x_wconf 79' lang='lat' dir='ltr'>posset.“</span> <span class='ocrx_word' id='word_1_275' title='bbox 679 4010 801 4079; x_wconf 90' lang='lat' dir='ltr'>duobus</span> <span class='ocrx_word' id='word_1_276' title='bbox 820 4009 902 4076; x_wconf 90' lang='lat' dir='ltr'>euim</span> <span class='ocrx_word' id='word_1_277' title='bbox 920 4009 1026 4078; x_wconf 85' lang='lat' dir='ltr'>uerbis</span> <span class='ocrx_word' id='word_1_278' title='bbox 1047 4016 1180 4078; x_wconf 78' lang='lat' dir='ltr'>emziicre</span> <span class='ocrx_word' id='word_1_279' title='bbox 1201 4014 1235 4076; x_wconf 86' lang='lat' dir='ltr'>et</span> <span class='ocrx_word' id='word_1_280' title='bbox 1249 4033 1325 4097; x_wconf 82' lang='lat' dir='ltr'>pcr-</span> 
     </span>
     <span class='ocr_line' id='line_1_36' title="bbox 188 4111 1325 4200; baseline -0.003 -17"><span class='ocrx_word' id='word_1_281' title='bbox 188 4119 320 4195; x_wconf 79' lang='lat' dir='ltr'>mz&#39;rterc,</span> <span class='ocrx_word' id='word_1_282' title='bbox 354 4115 417 4181; x_wconf 91' lang='lat' dir='ltr'>nisi</span> <span class='ocrx_word' id='word_1_283' title='bbox 438 4115 523 4198; x_wconf 91' lang='lat' dir='ltr'>quod</span> <span class='ocrx_word' id='word_1_284' title='bbox 544 4116 605 4182; x_wconf 93' lang='lat' dir='ltr'>hoc</span> <span class='ocrx_word' id='word_1_285' title='bbox 626 4111 762 4184; x_wconf 84' lang='lat' dir='ltr'>fortasse</span> <span class='ocrx_word' id='word_1_286' title='bbox 792 4115 945 4182; x_wconf 80' lang='lat' dir='ltr'>maiorem</span> <span class='ocrx_word' id='word_1_287' title='bbox 976 4116 1128 4198; x_wconf 81' lang='lat' dir='ltr'>mpetum</span> <span class='ocrx_word' id='word_1_288' title='bbox 1158 4112 1325 4200; x_wconf 81' lang='lat' dir='ltr'>siguificat,</span> 
     </span>
    </p>
   </div>
   <div class='ocr_carea' id='block_1_5' title="bbox 0 0 1656 4956">
    <p class='ocr_par' dir='ltr' id='par_1_7' title="bbox 0 0 1656 4956">
     <span class='ocr_line' id='line_1_37' title="bbox 0 0 1656 4956; baseline 0 2"><span class='ocrx_word' id='word_1_289' title='bbox 0 0 1656 4956; x_wconf 95' lang='lat' dir='ltr'> </span> 
     </span>
    </p>
   </div>
  </div>
 </body>
</html>
