3302 4956
748 409 809 539 ab

196 651 287 714 tuere
300 647 364 714 sibi
379 648 467 716 visus
483 651 533 716 est
546 649 669 716 textum
687 647 838 728 legendo:
857 654 1044 727 „ceteram
1058 650 1198 712 mamma
1210 645 1335 726 boatbf‘

196 768 278 835 quae
299 751 426 834 quidem
443 753 580 818 mutatio
596 767 659 818 non
678 751 779 817 scium
794 766 974 834 permagna¹
987 753 1045 828 est,
1062 749 1120 816 sed
1134 749 1229 815 etiam
1242 767 1334 815 voca-

195 855 306 922 bulum
329 862 463 922 oatcr‘am
481 855 541 923 hoc
557 857 627 923 leco
647 860 757 941 aptum
777 871 847 922 esse
865 873 956 938 nego.
978 873 1052 920 nam
1071 853 1208 936 primum
1225 853 1334 922 adver-

195 961 329 1026 sativam
349 957 535 1026 relationem
548 959 796 1026 sententiarum:
814 962 914 1038 „nibil
925 961 1212 1043 quidem....laeto
1225 963 1335 1027 anime

195 1069 298 1144 audit,
322 1101 364 1111 --
386 1069 527 1131 mamma
557 1069 654 1130 boetis
671 1067 804 1147 fiducia
818 1107 902 1128 .....
915 1071 1089 1146 percaeca
1116 1063 1184 1127 ιιι(
1204 1061 1335 1128 nimiam

194 1168 246 1235 bic
268 1187 339 1236 esse
361 1186 485 1250 censeo,
507 1186 602 1251 quam
624 1171 661 1232 ιι
681 1166 799 1248 frigida
819 1185 881 1233 vox
903 1175 1035 1233 ceteram
1051 1163 1187 1232 sufficiat
1203 1167 1245 1232 ad
1264 1183 1334 1233 eam

195 1272 395 1340 efferendam.
421 1271 547 1339 ‘Livius
571 1272 655 1338 enim
677 1271 780 1338 utitur
800 1272 829 1338 is
852 1267 982 1355 quidem
1003 1286 1158 1356 persaepe
1178 1271 1336 1356 particula

194 1387 328 1444 ceteram
361 1376 562 1478 adversatIvo
593 1377 682 1457 loco,
704 1381 742 1443 ιι
762 1373 861 1457 XXI,
885 1375 942 1459 12,
966 1381 1003 1440 6:
1026 1380 1118 1458 „erat
1138 1379 1245 1441 antem
1266 1381 1335 1442 tum

194 1482 286 1548 miles
316 1479 528 1563 Hannibalis,
558 1491 692 1550 ceteram
720 1481 848 1568 publice
881 1480 1067 1564 Saguntinis
1083 1497 1084 1502 ’
1100 1479 1220 1546 amicus
1243 1527 1251 1545 .
1272 1528 1281 1544 .
1305 1479 1337 1544 f‘*

195 1584 298 1664 XXI,
320 1591 358 1669 ι,
382 1585 418 1652 2:
449 1605 542 1669 „cum
566 1585 754 1670 Saguntinis
784 1586 904 1652 bellum
926 1587 1065 1652 nendum
1089 1589 1179 1664 erat,
1202 1593 1335 1651 ceteram

194 1691 258 1758 iam
281 1693 477 1758 certamina.
494 1742 523 1759 ..
547 1692 757 1758 serebantur.
775 1691 804 1759 .“
827 1725 879 1772 —,
902 1691 958 1758 sed
976 1690 1141 1758 Livianam
1159 1690 1335 1754 orationem

196 1794 290 1862 buius
312 1795 489 1881 particulae
510 1815 607 1864 causa
629 1801 778 1863 accurate
799 1799 1021 1882 perscrutatus
1036 1793 1152 1876 inveni,
1171 1797 1335 1860 auctorem

195 1904 270 1984 post
290 1901 484 1987 praecedens
507 1901 697 1969 vocabulum
718 1906 859 1987 quidem,
888 1901 917 1966 si
939 1900 973 1966 id
994 1918 1059 1965 non
1082 1899 1125 1966 ad
1147 1897 1336 1964 confirman-

195 2004 267 2072 dam
290 2005 543 2074 coniunctionem
563 2015 601 2086 ct,
623 2029 673 2088 ac,
691 2015 783 2090 atqcae
801 2003 981 2087 adhibetur,
996 2003 1054 2070 sed
1073 2004 1102 2072 si
1119 2001 1335 2070 concessivum

195 2109 318 2176 obtinet
340 2111 452 2192 locum,
475 2109 633 2195 particula
655 2117 788 2178 ceteram
810 2107 971 2176 interdum
993 2107 1056 2190 uti,
1072 2109 1130 2175 sed
1147 2107 1335 2194 plerumque

195 2231 304 2278 vocem
325 2219 381 2280 aed
401 2219 458 2280 aut
478 2223 584 2281 tamea
606 2215 783 2302 scripsisse.
807 2215 929 2282 sivero
948 2211 1335 2298 advocabulum'qaidcm

194 2316 323 2400 negatio
353 2319 490 2401 accedIt,
526 2319 648 2384 nullum
680 2319 783 2387 baben
816 2319 1011 2405 exemplum,
1043 2315 1126 2384 unde
1156 2315 1281 2383 Livium
1302 2314 1335 2380 in

197 2420 332 2506 apodesi
352 2423 543 2509 particulam
565 2433 699 2492 ceterum
718 2425 868 2510 posuisse
890 2427 1053 2507 appareat.

281 2526 341 2592 His
374 2527 414 2592 de
446 2526 549 2593 tribus
580 2527 748 2594 momentIs
779 2527 859 2594 satis
888 2545 959 2594 esse
988 2523 1068 2591 mibi
1088 2523 1230 2603 videtur,
1252 2529 1337 2606 quac'

195 2631 290 2697 tertio
312 2630 381 2696 loco
402 2629 480 2712 dixi,
503 2647 542 2697 ea
564 2631 716 2718 enempIIs
740 2632 975 2712 demonstrare3
998 2629 1046 2697 sic
1067 2625 1190 2707 XXIV,
1213 2625 1274 2708 26,
1296 2625 1334 2688 ιι

194 2733 349 2820 „periculi
366 2739 491 2820 quidem
508 2740 588 2802 nibil
599 2753 634 2802 se
647 2737 767 2818 timere,
785 2735 922 2801 invisam
940 2744 1045 2802 marea
1063 2733 1196 2818 stirpem
1213 2731 1335 2814 regiam

195 2838 306 2920 ιιιιςιι
327 2837 425 2916 XXV,
447 2837 499 2920 35,
522 2834 561 2904 3:
583 2840 646 2919 „ad
667 2839 827 2906 Romanos
848 2833 990 2906 nondam
1014 2842 1139 2924 quidam
1168 2835 1253 2902 lama
1271 2884 1279 2900 .
1300 2883 1334 2902 ..

194 2946 394 3028 pervenerat,
416 2945 493 3008 aad.
512 2941 584 3024 ‚23“
605 2939 746 3025 XXXV,
767 2943 816 3023 14,
836 2943 873 3006 4:
898 2944 1025 3023 „actum
1042 2945 1166 3026 quidem
1181 2944 1261 3006 nibil.
1276 2943 1335 3020 est,

194 3047 337 3112 secutum
369 3053 475 3112 amca
508 3061 568 3112 sua
598 3050 712 3131 sponte
739 3047 835 3128 ¹est;“
865 3045 1012 3128 XXXIII,
1044 3045 1105 3124 40,
1139 3047 1276 3126 4:1,ne0
1297 3061 1334 3109 ex

195 3148 333 3231 Philippi
346 3153 470 3236 quidem
483 3145 612 3216 adlersa
622 3148 751 3217 fortuna
766 3150 871 3236 spella
886 3185 920 3198 -
933 3167 968 3216 sc
982 3149 1104 3235 petisse
1119 3183 1166 3227 —·,
1182 3153 1253 3216 aad.
1266 3198 1273 3212 .
1288 3147 1334 3238 ,ιι

194 3251 373 3334 XXXVIII,
393 3251 456 3317 182
469 3253 524 3336 „id
536 3258 626 3320 baad
644 3273 793 3336 magnum
806 3257 930 3340 quidam
945 3253 1099 3340 oppidum
1115 3258 1175 3333 eat,
1198 3257 1254 3318 aed
1263 3301 1271 3317 .
1285 3303 1292 3318 .
1305 3253 1334 3316 .“

281 3357 425 3442 Denique
446 3357 556 3423 Livius
584 3357 774 3424 vocabulum
796 3366 931 3424 ceteram
955 3357 1086 3423 adhibet
1105 3358 1202 3424 etiam
1225 3356 1267 3422 ad
1287 3356 1334 3420 ιιὲ

197 3467 373 3548 terruptam
405 3462 579 3528 orationem
602 3461 705 3527 denuo
729 3460 948 3548 excipiendam
970 3466 1008 3526 ut
1028 3459 1195 3542 XXXVIII,
1220 3461 1271 3544 55,
1295 3466 1331 3524 4:

194 3567 259 3648 „ad
280 3565 366 3631 bunc
386 3569 568 3648 praetorem
596 3601 630 3614 -
655 3573 788 3632 ceteram
812 3564 854 3648 ad
867 3563 961 3630 bunc
982 3564 1076 3630 nimis
1109 3582 1246 3648 aequum
1277 3570 1334 3629 aut

193 3671 337 3754 iniquum
366 3675 573 3754 praetorem.
592 3718 599 3733 .
618 3670 649 3736 .“
680 3687 762 3752 quae
784 3674 891 3736 tamen
914 3670 1083 3749 sententia,
1106 3669 1254 3752 quoniam
1277 3669 1333 3736 ad-

194 3779 353 3842 versativa
373 3773 489 3841 relatio
512 3774 612 3854 deest,
635 3793 707 3840 cum
729 3778 843 3854 nostra
863 3791 926 3840 non
949 3777 998 3840 est
1020 3774 1244 3861 comparanda.
1276 3792 1333 3839 nec

188 3869 287 3948 satis!
316 3885 404 3946 metu
436 3877 625 3966 Hannibalis
656 3877 782 3945 duabus
805 3879 926 3961 censis,
949 3896 1084 3961 quarum
1105 3879 1207 3944 maior
1228 3884 1333 3964 poste·

195 3981 262 4048 rior
280 3987 338 4072 est,
356 3987 442 4048 moto
459 3983 539 4048 duas
555 3982 728 4048 sententiae
747 3981 895 4048 existium
912 3982 1052 4049 breviter
1065 3981 1218 4066 linnaque
1230 3983 1333 4068 parti-

195 4085 268 4152 cula
291 4085 524 4168 coniungendas
548 4103 625 4165 esse,
648 4091 686 4152 ut
708 4085 855 4153 celeriter
877 4105 897 4152 a
918 4105 953 4152 re
975 4087 1098 4154 minore
1118 4087 1159 4154 ad
1180 4089 1332 4154 maiorem

194 4188 409 4274 perveniatur,
426 4189 511 4272 quod
526 4207 590 4256 non
607 4186 643 4255 fit
660 4189 814 4274 languida
827 4190 986 4276 particula
999 4201 1141 4258 cetarum
1167 4209 1207 4258 ex
1221 4191 1332 4274 cadem
