3302 4956
685 516 894 528 mna—u·—

218 643 250 705 et
273 635 466 721 integritatis
492 635 613 703 hebere
635 634 777 718 videtur,
810 635 878 704 sine
899 633 1052 703 vocabulo
1072 634 1106 700 in
1128 633 1269 701 Putenno
1291 652 1360 700 enr-

218 745 314 826 rupte
330 741 364 808 in
381 747 411 807 Σ
428 741 554 824 desunt,
572 740 627 808 nbi
643 740 769 810 Livinei
787 740 889 808 orntio
906 747 1014 806 vobem
1033 739 1173 822 eliqunm
1190 737 1360 822 desiderat,

218 846 346 913 sivein
375 851 405 911 Σ
434 844 602 930 perspicuo
634 843 864 918 emendationis
893 842 1030 926 vestigio
1058 841 1278 928 inveniuntur,
1305 844 1359 912 ubi

218 949 391 1017 seeundum
412 967 507 1017 nsum
523 947 690 1040 Livionnm
709 947 774 1026 enlin
790 947 917 1032 scripto
929 945 1030 1014 tuisse
1050 962 1236 1035 persuasum
1258 947 1359 1016 habeo

218 1049 345 1136 (XXIX,
368 1051 419 1132 19,
436 1059 473 1136 ⁷3
495 1051 597 1136 XXX,
621 1052 672 1136 18,
690 1049 850 1136 73‘XXX‚
872 1049 984 1133 29,4).
1057 1053 1062 1064 ’

303 1156 397 1238 Qnod
418 1156 504 1224 idom
526 1155 559 1222 in
581 1160 696 1240 quarte
725 1155 843 1224 doonde
872 1154 1037 1223 evidenter
1063 1152 1260 1225 intellexisse
1281 1157 1359 1224 mibi

217 1263 326 1330 videor
348 1280 387 1330 ex
408 1261 551 1343 XXXIV,
574 1260 605 1342 2,
621 1259 679 1343 12,
715 1264 748 1329 et
780 1259 853 1328 aliis
875 1260 954 1328 lonis
975 1275 1039 1327 nno
1062 1265 1193 1342 excepto
1215 1261 1358 1346 XXXIV,

217 1367 246 1449 b,
261 1373 288 1442 7,
310 1367 426 1450 quibus
445 1365 592 1434 omnibns
609 1365 857 1449 Bombergensis
874 1370 909 1433 et
924 1363 1144 1450 Mogontinus,
1166 1365 1227 1432 etsi
1245 1366 1360 1434 vitioso

218 1475 301 1554 sunt,
324 1487 406 1555 quoe
428 1469 646 1565 tradiderunt,
668 1475 775 1538 tomen
797 1469 1057 1552 eosseriptnrnsv
1073 1468 1241 1556 praebent,
1274 1469 1359 1537 unde

218 1595 294 1643 vero
314 1575 409 1643 lectio
442 1571 526 1644 incili
553 1574 732 1642 mutatione
761 1573 887 1642 restitui
908 1573 1011 1656 possit
1031 1577 1069 1640 nt
1090 1571 1233 1656 xxxiv,
1256 1573 1357 1659 o,10;

150 1693 152 1698 ’
217 1678 359 1760 XXXlV,
382 1679 432 1763 lo,
448 1685 477 1746 9.

303 1783 377 1869 Ipse
406 1799 539 1868 prorsus
573 1787 740 1852 contentus
772 1801 844 1867 ern,
880 1784 909 1850 si
941 1802 1006 1851 nne
1038 1782 1181 1851 alterave
1214 1803 1358 1854 meorum

217 1890 472 1959 emendationum
491 1891 807 1974 coniectumrumqne
824 1887 1003 1956 hominibus
1022 1888 1136 1956 horum
1149 1906 1261 1957 rernm
1274 1893 1358 1974 peri-

216 1995 258 2063 tis
288 1994 493 2078 probabitur,
524 1995 615 2062 etsi
645 1994 687 2077 ii,
720 1994 775 2079 qni
807 1993 840 2060 in
862 1993 952 2061 Livio
986 1994 1183 2062 emendando
1212 1997 1358 2080 occupati

216 2097 354 2176 inerunt,
378 2098 439 2166 hee
459 2097 555 2166 leudo
572 2114 624 2165 me
645 2098 776 2183 dignum
794 2115 866 2166 esse
882 2099 997 2182 dicent,
1019 2117 1083 2167 nnn
1101 2099 1196 2166 modo
1219 2103 1252 2166 et
1272 2099 1357 2168 litte-

217 2222 325 2270 rarum
340 2203 455 2270 duetus
469 2210 503 2270 et
517 2203 748 2272 sententiarum
763 2221 874 2284 nexus,
897 2205 953 2272 sed
968 2203 1065 2272 etiem
1080 2202 1233 2272 orationis
1251 2203 1357 2290 legum

217 2325 358 2392 ususque
379 2305 415 2373 Τ.
437 2307 509 2375 Livi
529 2307 685 2378 rationem
708 2325 781 2375 esse
802 2306 952 2378 habitam.
