3302 4956
752 444 795 526 ln'

287 669 442 752 Equidem
458 667 662 735 considerans
677 686 772 753 quam
795 669 873 735 dure
896 685 1032 752 sequens
1055 666 1213 734 sententia
1240 671 1348 750 ‚paud

202 779 247 840 cla
276 777 374 839 malta
397 774 474 858 pdst
495 771 561 840 ...“
592 789 664 838 cuni
695 772 908 857 praecedente
936 773 1106 840 coniuncta
1135 771 1194 854 sit,
1228 771 1345 838 codicis

198 876 341 960 vesdgia
377 880 521 964 pressius
557 895 693 962 sequens
725 875 802 943 mihi
833 877 946 946 videor
979 877 1143 944 meliorem
1176 875 1347 944 lectionem

203 983 335 1050 eruisse.
368 989 447 1066 pute
479 985 561 1050 enim
594 983 627 1048 in
649 983 877 1050 vetustioribus
910 983 1073 1052 codicibus
1096 981 1214 1050 luisse:
1246 982 1346 1068 reclei.

203 1096 237 1153 at
329 1087 361 1180 id
385 1093 448 1156 est:
472 1093 594 1172 aceepit.
616 1095 652 1154 al
734 1123 771 1134 —-
788 1086 825 1153 cf.
848 1086 1013 1154 laeckins:
1036 1085 1148 1167 „Vicle
1169 1085 1347 1171 Alphabete

203 1190 269 1257 und
290 1189 528 1258 Schrillmuster
558 1192 592 1257 in
613 1190 809 1274 Bamberger
837 1190 1108 1258 Handsehnilten“
1140 1195 1198 1258 cin.
1221 1190 1284 1256 vol.
1307 1189 1347 1271 ll,

203 1292 255 1358 fol.
279 1293 332 1376 lX,
353 1295 375 1359 4
397 1303 430 1363 et
452 1297 505 1378 lll,
530 1303 567 1379 73
591 1302 624 1363 et
641 1295 859 1363 Mabillnnius:
885 1297 947 1380 „de
967 1315 1004 1362 re
1026 1295 1252 1380 diplomatica“
1276 1313 1349 1378 pag.

205 1402 286 1481 3693
310 1398 347 1467 cl.
371 1402 468 1468 eiiam
491 1401 698 1469 Gitlbaueras
720 1419 793 1488 pag.
818 1400 879 1468 dl:
902 1398 1172 1484 „MIS.=1nisit;
1195 1417 1268 1485 pag.
1288 1397 1348 1463 63:

204 1503 381 1592 PROVOOl
405 1533 446 1569 =
469 1513 636 1593 provocet3
659 1506 739 1574 1210.
761 1530 803 1568 =
824 1507 917 1591 licet3
939 1503 1084 1572 scilic.
1108 1528 1149 1566 =
1171 1502 1299 1571 scilicet.

290 1609 415 1676 Deinde
436 1610 622 1677 incredibile
644 1613 701 1690 esi,
723 1629 932 1695 quamsaepe
953 1609 1113 1692 particula
1126 1617 1161 1673 at
1174 1627 1232 1691 per
1253 1608 1348 1674 libna-

204 1713 270 1778 rios
292 1713 478 1783 oblitterata
501 1717 544 1782 sit
567 1721 608 1789 ,et
628 1729 707 1782 ‘cum
730 1715 801 1782 aliis
824 1714 953 1798 syllabis
975 1718 1180 1784 commutata.
1216 1712 1348 1796 accedit,

204 1819 289 1899 qued
312 1819 392 1886 duas
424 1821 619 1888 scalentias:
651 1838 728 1902 „cos
826 1825 937 1886 masal
955 1865 965 1886 .
980 1869 1010 1888 ..
1033 1820 1067 1886 in
1087 1821 1280 1904 potestatem
1301 1839 1349 1884 re-

203 1925 304 2006 depcl“
335 1929 368 1990 et
396 1923 503 2006 „haud
526 1927 572 1992 ita
593 1926 693 1991 inulte
714 1929 789 2010 post
810 1929 907 1992 endam
1002 1923 1201 2011 defecerant“
1223 1928 1347 1989 condra-

204 2027 270 2112 rias
294 2032 326 2095 et
347 2029 445 2096 verba
467 2035 584 2116 redepit
605 2062 645 2075 -
668 2034 845 2117 defecerant
862 2029 1004 2112 graviter
1025 2029 1111 2096 inter
1133 2046 1168 2095 se
1187 2028 1349 2112 oppositas

205 2149 275 2199 esse
297 2153 420 2202 censen.
706 2149 708 2153 ·

291 2237 403 2322 Itaque
425 2258 497 2306 cnnn
518 2239 580 2307 hoc
601 2239 671 2307 loen
692 2238 834 2325 perfeeto
852 2244 996 2323 tempore
1014 2258 1095 2327 opus
1117 2239 1160 2306 sit
1182 2244 1216 2306 el
1237 2239 1349 2306 adven-

205 2344 307 2410 saliva
329 2344 488 2428 particula
508 2345 675 2428 aptissime
697 2343 798 2424 cedat,
821 2344 937 2411 deinde
960 2335 1031 2412 euni
1050 2345 1114 2412 duo
1135 2344 1260 2412 codices
1283 2347 1349 2411 lani

205 2451 284 2516 inire
305 2451 391 2517 inter
413 2470 448 2517 sc
470 2451 680 2535 consentiant,
703 2451 850 2533 equidem
871 2450 993 2519 scribo:

360 2557 449 2635 „an
470 2559 599 2622 dedaclo
620 2561 754 2623 exerccm
775 2561 887 2621 canati
916 2561 984 2622 scine
1004 2559 1212 2622 memorando
1227 2557 1349 2640 proelio

308 2665 343 2725 cic
359 2668 543 2744 potestatem
567 2663 723 2744 νωθρή·
745 2669 788 2725 al
818 2663 911 2727 baud
941 2666 987 2726 ita
1018 2665 1117 2727 multo
1144 2649 1220 2743 pest
1251 2661 1350 2725 cidem

309 2787 447 2849 represso
475 2768 689 2830 Tarraconem
711 2769 849 2848 conside,
875 2770 1072 2848 prinsquam
1098 2768 1170 2830 inde
1192 2779 1350 2841 quoquam

302 2871 493 2954 procederet,
512 2871 548 2934 dc
565 2865 719 2934 ecamcntffi
