3302 4956
746 387 953 488 Au„

368 601 550 668 Deteriores
574 599 698 670 codices
725 598 862 668 habeut:
894 604 971 686 quia
992 633 1035 644 -
1057 606 1123 678 aur,

893 707 971 789 quia
995 735 1029 749 -
1055 725 1111 784 on,

894 830 939 874 oo
961 843 1003 854 --
1025 827 1080 874 uo.

367 912 650 980 Drakenborohius
673 917 706 979 et
726 912 797 998 ipse
817 911 915 996 legit:
937 935 982 978 ao
1005 946 1045 958 -
1068 933 1122 978 ao.
1159 943 1161 950 >

367 1016 548 1100 Madvigius
570 1018 603 1084 io
626 1017 720 1084 edit:
744 1039 864 1102 „qutun
886 1019 996 1083 vetuo?
1016 1021 1106 1100 requio
1127 1021 1177 1082 zer
1200 1015 1267 1080 ...“

367 1121 547 1204 Madvigius
570 1120 604 1188 in
627 1121 751 1188 emend.
774 1121 841 1187 Liv.
864 1139 937 1204 pag.
958 1119 1039 1185 497:
1059 1123 1313 1204 „quareoetort
1335 1123 1422 1204 reyia

280 1231 427 1293 scilieet
447 1231 496 1292 leo
519 1225 588 1290 ...“

367 1329 648 1397 Weissenbornius
665 1332 697 1396 et
711 1325 883 1396 Hertzius:
906 1334 1067 1414 „quippe
1088 1337 1174 1394 vetuo
1195 1333 1284 1414 reqia
1303 1328 1423 1396 leo...“

367 1436 410 1502 Μ.
434 1433 608 1517 Seyffertus
640 1435 673 1500 in
705 1453 778 1501 nov.
806 1435 910 1500 annal.
932 1433 1043 1518 philol.
1075 1432 1136 1501 vol.
1159 1431 1212 1514 83,
1243 1451 1316 1518 pag.
1339 1431 1423 1501 825:

282 1565 400 1628 „quam
420 1543 531 1609 vetur?
552 1545 680 1625 reye'aoe
702 1541 777 1608 ...“

367 1645 427 1711 His
451 1644 679 1729 descriptoris
709 1644 896 1730 priusquam
928 1643 1100 1726 disseram,
1130 1642 1424 1710 Weissenboruium

281 1753 410 1837 oportet
432 1745 569 1814 refutem
597 1748 804 1814 adnotantem
834 1751 947 1814 eontra
969 1746 1182 1828 Madvigium:
1217 1745 1318 1828 „auch
1347 1747 1426 1828 liegt

282 1853 339 1918 der
360 1851 554 1930 Naohdruok
583 1851 671 1918 nieht
698 1851 754 1918 auf
772 1861 857 1918 vetuo
879 1851 958 1916 oder
979 1856 1069 1937 reyie
1098 1852 1175 1917 oder
1197 1856 1423 1932 decemviratu,

283 1955 423 2023 soodoru
444 1955 503 2020 wie
524 1955 606 2022 euch
628 1955 645 2039 ξ
670 1960 688 2021 9
711 1953 768 2021 auf
787 1963 854 2022 urire
876 1977 951 2041 qua,
987 1955 1029 2021 do
1051 1956 1102 2022 die
1124 1955 1259 2022 Gesetze
1280 1955 1369 2022 nicht
1390 1956 1423 2022 in

282 2067 341 2128 ulte
363 2061 428 2126 und
448 2083 542 2143 neue,
576 2062 717 2128 sondern
747 2061 781 2127 in
808 2065 1019 2146 uotiweodiqo
1049 2061 1116 2127 und
1149 2065 1249 2126 durch
1271 2065 1422 2147 zufr'illz‘qe

290 2169 497 2232 Veridltoz'ooe
518 2167 656 2251 badioqte
676 2164 866 2246 geschieden
887 2165 1045 2230 werden.“
1086 2164 1104 2249 ξ
1123 2169 1142 2230 9
1166 2165 1299 2248 legitur:
1329 2165 1423 2248 „quis

283 2269 382 2351 igitur
404 2269 507 2335 nescit
537 2294 653 2337 uorum
682 2272 778 2337 istam
813 2270 917 2352 legem
948 2287 1019 2336 esse
1043 2271 1078 2350 Q.
1102 2270 1201 2338 Fabio
1224 2274 1257 2336 et
1277 2271 1314 2338 F.
1330 2269 1423 2337 ¹Som-

281 2373 395 2459 prouio
428 2374 610 2440 oonsulibus
642 2379 752 2459 oz'yz‘oo'
778 2383 851 2440 onte
877 2380 972 2440 aonio
999 2379 1124 2440 latomi
1156 2374 1223 2441 sine
1257 2393 1322 2457 quo
1354 2393 1425 2442 eum

283 2485 341 2562 per
362 2480 411 2542 tot
429 2497 529 2544 armos
544 2484 708 2564 matronae
724 2479 852 2563 optimis
868 2479 1010 2544 moribus
1024 2479 1172 2558 vixerint,
1188 2479 1273 2561 quod
1287 2479 1424 2561 taudem,

283 2600 323 2648 no
345 2582 499 2664 abrogato
522 2602 559 2648 eo
581 2583 784 2649 effundantur
806 2585 849 2649 ad
870 2583 1037 2666 luxuriem,
1059 2583 1235 2670 perieulum
1258 2585 1354 2650 ost?“
1434 2641 1437 2648 .

370 2686 561 2772 Responoeo
584 2687 728 2770 equidem
747 2688 1015 2770 Weissenboruio,
1037 2689 1162 2754 Livium
1184 2693 1375 2754 vetustatem
1394 2694 1427 2755 et

283 2791 457 2858 novitatem
488 2792 595 2876 legum
619 2793 711 2859 inter
742 2813 778 2860 se
808 2793 998 2879 opposuisse
1028 2793 1124 2876 idque
1153 2792 1205 2859 his
1236 2793 1423 2860 decausis:

283 2895 421 2980 primum
445 2896 528 2961 enim
550 2901 645 2970 antee
666 2897 741 2964 inde
763 2918 782 2963 a
805 2896 859 2980 §4
882 2895 1030 2963 Valerius
1054 2896 1193 2981 exponit,
1217 2915 1280 2979 qua
1301 2896 1426 2962 ratione

283 3001 316 3064 iu
341 2999 526 3081 abrogando
547 3000 618 3082 lege
649 3001 698 3066 uti
720 3002 846 3084 doceam
879 3017 942 3084 qua
969 3001 1002 3066 in
1024 3019 1059 3066 re
1081 3001 1233 3067 discernit
1253 3005 1426 3085 perpetuos

284 3103 334 3168 vel
357 3107 503 3170 aeternas
525 3103 613 3186 leges
636 3127 693 3187 „ece
715 3111 754 3170 o'z'o
776 3111 900 3172 uzellam
922 3108 1075 3190 obroqarz'
1095 3108 1200 3172 dobere
1211 3113 1332 3190 fateor,
1365 3110 1429 3171 orlei

284 3229 382 3294 quam
406 3217 464 3273 out
486 3231 564 3274 roomo
585 3215 802 3292 commarieni
822 3218 921 3300 statuo
944 3210 1153 3292 reipublicae
1174 3214 1314 3274 irrutilant
1326 3208 1427 3294 ΜΝ

285 3316 317 3379 et
339 3311 502 3392 mortales,
537 3313 733 3394 temporibus
763 3307 942 3381 mutabilem
980 3332 1018 3378 eo
1047 3312 1154 3395 legum
1186 3303 1371 3379 mortaliter-
1393 3313 1426 3377 in

285 3418 334 3498 iio,
357 3435 439 3500 quae
461 3421 655 3498 sequuntur,
689 3418 791 3500 magis
823 3417 1008 3500 explicatur.
1043 3422 1110 3509 tota
1130 3419 1229 3500 igitur
1251 3417 1427 3484 sententia:

285 3543 386 3607 „quw
407 3526 441 3586 io
458 3535 540 3604 paee
561 3525 633 3589 loia.
661 3529 735 3586 soret
755 3523 883 3602 bellom,
913 3544 996 3606 quoe
1025 3527 1059 3600 io
1089 3509 1165 3588 bello
1180 3544 1254 3604 pom
1275 3521 1427 3606 abroqat‘

286 3626 507 3693 deseribuntur
530 3643 577 3706 ee,
612 3643 694 3708 quae
726 3626 927 3696 eontinentur
948 3625 1132 3692 vocabulis:
1162 3648 1265 3710 „qum
1286 3635 1427 3708 tempora

285 3736 396 3816 alz'qoa
417 3731 702 3796 deez'deraoerumi.“
739 3749 897 3796 summum
918 3731 1018 3812 igitur
1040 3730 1283 3812 perdomitum
1314 3734 1366 3796 est
1393 3729 1427 3794 in

286 3833 476 3902 enuntiatis:

373 3937 409 4019 1)
431 3943 486 4020 „iro
507 3947 668 4006 aeteruum
692 3945 775 4006 latae
796 3949 877 4016 euml,
961 3936 964 3940 ’

372 4043 408 4125 2)
431 4067 512 4130 quae
534 4053 675 4128 tempora
697 4051 808 4130 alz'qoa
829 4047 1117 4128 desideraverunt&

287 4154 431 4232 tempora
453 4153 561 4216 autem
584 4153 659 4216 suut
681 4154 738 4214 out
753 4174 829 4234 par·
848 4153 905 4215 out
926 4152 1050 4216 heitom.
