3302 4956
765 389 807 482 is

217 630 317 697 totam
339 645 423 710 rem,
444 629 608 710 totumque
629 626 805 695 orationem
827 625 895 693 eius
917 621 1096 706 denudem,
1117 620 1172 688 viu
1193 621 1303 705 lepore
1324 623 1357 688 et

216 733 320 801 ironia
341 733 376 800 in
396 735 487 800 tauta
507 731 639 798 miseris
659 749 753 800 usum
774 748 860 814 asse,
882 728 940 796 sed
960 725 1116 811 mamma,
1138 729 1178 793 ut
1195 743 1256 810 par
1277 727 1358 807 erat,

216 837 386 906 severitate
406 837 450 906 sd
472 836 626 923 superbos
648 840 682 904 et
701 834 844 904 infideles
871 834 1056 918 Campanos
1082 831 1211 900 dixisse.
1255 829 1358 922 Varro

217 941 302 1008 euim
333 942 455 1010 animos
490 959 600 1008 eorum
630 959 757 1010 movere
788 944 939 1022 conatur,
969 957 1033 1024 qua
1060 937 1094 1005 in
1122 955 1159 1004 re
1187 934 1241 1005 vir
1263 933 1359 1002 dente

215 1045 371 1114 maledieo
393 1065 472 1114 usus
495 1065 567 1116 esse
587 1045 666 1113 mihi
686 1045 822 1112 videtur.
867 1043 980 1112 eodem
1008 1041 1103 1110 modo
1129 1059 1172 1108 ne
1191 1038 1358 1108 rdadruru

216 1149 362 1232 quidem:
383 1157 461 1238 „qui
477 1149 600 1234 aliquid
620 1148 832 1232 habeamus,“
853 1166 916 1232 quo
938 1147 1019 1233 ipso,
1050 1145 1114 1214 uisi
1139 1143 1223 1212 forte
1243 1145 1359 1212 iterum

215 1253 293 1322 haee
325 1255 423 1322 verba
452 1254 571 1322 bonine
602 1254 686 1322 dieta
707 1272 779 1322 esse
801 1267 926 1337 censes,
948 1269 1013 1319 uon
1034 1251 1177 1335 apparet,
1198 1254 1278 1318 ndei
1297 1247 1359 1316 Ro-

215 1359 319 1426 menis
341 1358 509 1442 reliquisse
530 1353 701 1443 fortuubm,
722 1361 810 1426 reete
831 1377 868 1424 se
887 1357 1008 1424 habere
1028 1360 1146 1440 potest,
1167 1357 1359 1445 immorare

216 1480 299 1546 quse
319 1463 353 1530 iu
375 1463 582 1548 sequentibus
605 1463 797 1547 comparatio
820 1467 880 1546 est,
897 1479 969 1528 eom
985 1461 1038 1528 hie
1055 1479 1181 1546 quoque
1198 1460 1358 1528 desidera-

216 1585 306 1652 mus,
338 1586 437 1652 quare
468 1569 570 1652 magis
601 1566 680 1635 mihi
708 1567 864 1652 probatur
891 1565 1005 1634 leotio:
1026 1571 1102 1652 „ut,
1124 1571 1220 1652 quari
1239 1563 1359 1648 otiquid

218 1671 421 1741 babeamusff

304 1781 348 1844 At
369 1777 457 1845 dieas
481 1775 632 1862 forsitan,
654 1777 742 1845 nulla
761 1775 830 1844 iere
847 1775 1030 1848 ‚mutatione
1050 1792 1131 1859 opus
1155 1791 1244 1858 esse,
1270 1775 1360 1843 dum-

217 1883 310 1950 modo
328 1886 416 1949 reote
432 1882 712 1966 interpungamus:
729 1882 828 1967 „quid
841 1882 926 1949 euirn
939 1932 946 1947 .
958 1869 1002 1950 ξ..
1018 1879 1111 1946 uobis
1129 1879 1274 1948 relietum
1287 1879 1359 1946 est?

216 1997 252 2054 or
271 1993 328 2074 qai
346 1987 467 2071 aliquid
488 1987 672 2070 habeamus,
694 1987 729 2054 id
750 1987 837 2071 quod
858 1987 959 2069 deest,
982 1984 1102 2069 expleri
1121 1984 1163 2052 ab
1191 1984 1284 2052 aooiis
1306 2002 1359 2050 ve

217 2091 334 2158 limus“
355 2114 397 2152 =
419 2092 532 2160 sollteu
554 2091 625 2176 wir,
647 2091 697 2160 els
718 2090 830 2159 hitteu
852 2091 910 2158 wir
931 2095 1037 2182 etuas,
1069 2089 1098 2156 d.
1120 2088 1152 2156 h.
1184 2088 1233 2156 als
1253 2093 1366 2156 wtreu

217 2195 274 2262 wir
295 2195 413 2280 Leute,
436 2196 487 2263 die
509 2199 605 2263 etwas
631 2194 756 2280 baben,
786 2196 845 2264 dos
865 2193 1026 2262 Fehleude
1046 2208 1110 2260 voa
1133 2193 1194 2260 deu
1216 2193 1360 2264 Bundes·

214 2317 373 2382 geuossen
395 2305 528 2383 argemo
548 2298 736 2384 wunschen,
767 2318 831 2384 qua
860 2299 948 2366 nulls
969 2296 1036 2366 iere
1056 2297 1233 2364 mutatione
1252 2297 1362 2364 omnis

216 2402 380 2487 aptissime
418 2405 592 2490 procedant
631 2403 805 2488 oonsulque
843 2404 885 2471 ad
923 2402 1220 2486 interrogationem.
1248 2420 1358 2470 suem:

215 2508 336 2590 „quid
355 2560 388 2577 ..
411 2510 502 2576 nobis
523 2509 676 2577 relectum
699 2508 770 2576 est“
790 2509 859 2592 ipse
880 2507 1090 2592 respoudeat:
1112 2505 1242 2592 „uihil“.

302 2611 366 2682 Sed
387 2593 524 2696 primum
545 2612 703 2681 nemiuem
720 2617 799 2697 puto
820 2612 949 2696 fugere,
979 2615 1098 2697 quanta
1127 2611 1248 2679 duritie
1278 2612 1359 2679 eius-

216 2717 300 2784 modi
322 2717 453 2784 leetioni
473 2718 653 2802 inhaereat3
676 2717 791 2785 deiude
804 2736 888 2801 nego
902 2716 972 2784 fieri
985 2733 1090 2801 posse,
1112 2719 1150 2783 ut
1167 2715 1269 2782 Varro
1291 2720 1359 2782 tem
1471 2719 1475 2732 '¹

216 2822 352 2904 abrupte
373 2820 468 2889 finem
488 2822 585 2890 faeiat
606 2823 857 2906 interrogationi.
878 2823 973 2889 immo
989 2825 1116 2905 oportet
1129 2820 1232 2887 dieat:
1254 2821 1358 2904 „deun

216 2944 280 2993 uas
303 2926 346 2992 ist
366 2945 426 2993 uos
446 2926 619 3010 geblieben,
638 2927 713 2994 dass
732 2927 789 2994 uir
806 2927 1027 3010 supplementa
1039 2926 1137 3004 (dena
1151 2925 1237 2992 diese
1248 2924 1358 2992 hatten

218 3031 269 3097 die
303 3030 382 3098 socii
410 3051 450 3098 aa
481 3029 609 3115 stelles)
639 3047 701 3100 von
724 3030 804 3099 euch
826 3031 1014 3114 verlaugen,
1044 3047 1119 3098 narn
1140 3048 1182 3096 ue
1203 3028 1358 3097 hebemus

217 3136 353 3220 quidem,
375 3135 461 3220 quod
482 3134 703 3219 supplementa
723 3155 744 3203 a
764 3135 856 3204 vobis
876 3141 1033 3219 petemus,
1055 3134 1114 3202 sed
1135 3133 1153 3218 ἓ
1177 3139 1215 3202 t:
1239 3153 1359 3219 „paene

216 3237 335 3306 bellum
356 3259 415 3324 pro
436 3239 527 3307 nobis
549 3239 763 3325 suscipistis.“

302 3343 365 3412 Sed
388 3345 416 3412 si
436 3344 620 3432 periodum:
648 3349 725 3427 „ut,
749 3344 841 3429 quasi
862 3343 982 3428 aliquid
1003 3342 1195 3428 habeamus,
1210 3343 1252 3410 id
1272 3344 1358 3427 quod

219 3445 326 3528 deest,
366 3449 487 3534 expleri
515 3449 556 3522 sb
586 3447 682 3517 sociis
708 3448 861 3516 velimus“
892 3465 963 3516 oum
997 3448 1202 3533 sequentibus
1233 3445 1357 3514 eonfero

216 3550 363 3636 „pedites
386 3553 475 3619 uobis
497 3553 698 3639 imperemus,
720 3556 882 3637 tamquam
904 3553 1027 3638 equites
1044 3553 1246 3622 babeamus?
1262 3570 1358 3638 pecu-

218 3655 304 3724 niam
317 3655 430 3724 deesse
443 3656 592 3742 dieamus,
615 3663 780 3741 tamquam
792 3675 831 3726 ea
848 3663 974 3726 tautum
991 3657 1115 3726 dosit?“
1136 3657 1276 3725 dubitari
1293 3674 1356 3724 nou

219 3765 334 3846 potest,
352 3760 429 3846 quiu
446 3759 501 3827 ilia
513 3762 607 3846 pluro
623 3762 787 3830 continens
801 3761 998 3847 ampliorque
1011 3761 1137 3830 duabus
1148 3761 1355 3846 sequentibus

218 3868 259 3933 ad
280 3885 390 3935 omnes
409 3883 471 3949 res,
490 3865 605 3950 quibus
627 3867 656 3934 si
678 3870 783 3950 egent,
804 3865 940 3934 Rarum
958 3864 1064 3950 juvari
1081 3865 1187 3933 solent
1207 3885 1228 3933 a
1249 3865 1356 3949 sociis,

217 3970 279 4038 bae
300 3977 408 4040 autem
429 3971 471 4039 ad
493 3971 634 4054 singulos
656 3977 693 4040 ut
715 3970 852 4058 exempli
881 3989 978 4040 oauso
1007 3970 1148 4058 prolutas
1178 3989 1230 4040 res
1256 3971 1356 4057 perti-

218 4079 324 4160 ueaut,
342 4077 426 4160 quod
436 4077 512 4144 inde
522 4094 647 4161 quoque
664 4093 854 4160 cognoscere
871 4075 949 4143 mihi
959 4077 1078 4159 videor,
1100 4077 1184 4161 qaod
1201 4081 1309 4146 orator
1323 4076 1357 4144 in

217 4181 325 4270 priore
346 4181 503 4250 sententia
523 4181 731 4250 communiter
753 4181 863 4252 diosus
877 4180 1079 4250 substantivo
1091 4187 1194 4262 soria,
1207 4182 1242 4248 iu
1254 4181 1356 4249 altera
